3150 5174
780 523 798 586 3

238 636 322 703 donc
334 662 395 728 que
409 637 440 704 la
449 638 557 704 charte
572 638 613 704 de
628 637 733 726 Cluay
749 651 797 705 est
813 638 853 703 de
871 637 994 704 l’annee
1011 640 1093 707 1027
1110 653 1142 705 et
1157 638 1269 729 qu’elle
1282 653 1330 704 est

162 732 167 739 ⁴
239 747 416 812 anterieune
439 744 479 811 de
500 744 651 836 quelques
674 747 752 811 mois
775 745 981 811 seulemeoti
998 745 1078 813 celle
1103 745 1147 812 du
1168 744 1332 812 cartulaire

242 850 282 916 de
306 856 462 931 Domine,
488 855 542 943 qui
570 865 661 943 porte
676 851 706 918 la
729 855 832 919 meme
850 852 933 918 date.
959 858 1046 920 Cette
1070 857 1159 943 piece
1182 857 1269 920 etant
1293 877 1333 919 ou

239 957 363 1049 surptus
383 958 445 1026 sort
462 973 589 1039 courte,
609 989 629 1021 «
648 962 679 1047 je
696 962 770 1025 n’ea
786 961 936 1028 refusemi
948 987 1002 1051 pas
1018 961 1048 1028 le
1059 974 1142 1027 texte
1158 960 1214 1026 ela
1229 964 1334 1028 curio·

240 1068 300 1132 site
315 1065 371 1134 des
381 1067 550 1134 honnestes
560 1092 649 1154 gens,
666 1097 685 1130 n
697 1092 820 1135 comme
833 1067 881 1134 dit
891 1094 932 1134 ea
943 1067 1074 1159 porcille
1085 1072 1231 1136 occasion
1242 1082 1332 1135 notre

240 1172 316 1240 vicii
328 1174 482 1242 historico
496 1177 627 1242 Chorier
643 1202 650 1240 :

288 1320 457 1384 Ainardas
472 1333 504 1384 et
519 1344 602 1385 uxor
617 1318 787 1384 ecclesiam
807 1324 913 1385 sancti
927 1319 1059 1410 Georgii
1069 1325 1102 1385 in
1115 1319 1191 1385 viiia
1204 1345 1267 1408 qne
1280 1321 1327 1386 dt·
1415 1312 1418 1319 ¹

242 1426 326 1488 citur
340 1424 494 1489 Domina.

287 1529 464 1620 Postquam
485 1530 525 1596 ob
545 1535 645 1622 primi
666 1544 773 1597 reatns
792 1532 975 1620 culpan...
1005 1544 1039 1597 ut
1053 1530 1160 1621 sopri.
1180 1534 1252 1620 Ego
1272 1533 1332 1595 Ai-

242 1637 389 1715 nardus,
408 1652 439 1702 et
454 1662 537 1703 texor
550 1663 624 1702 mea
642 1639 791 1715 Fecenia‚
810 1662 882 1703 cam
899 1662 1057 1726 consensa
1062 1641 1202 1720 sratmm
1212 1651 1334 1703 nostro·

243 1767 327 1821 ram,
352 1745 438 1811 dono
461 1747 528 1811 Deo
551 1759 583 1810 et
600 1750 721 1811 sanctis
738 1746 895 1835 apostolis
912 1749 981 1836 ejas
1000 1747 1093 1812 Petro
1114 1760 1146 1811 et
1170 1745 1272 1812 Paulo
1287 1747 1335 1809 ad

242 1851 348 1933 locam
366 1852 566 1930 Cluuiarum,
586 1858 639 1918 cni
651 1866 758 1941 preest
774 1854 916 1919 Domnns
936 1853 1032 1918 odito
1050 1853 1160 1931 abba,
1180 1877 1230 1918 res
1244 1876 1333 1917 meas

243 1971 391 2045 praesunt
402 1963 536 2051 inpage
555 1958 878 2049 Gracianopoiitano,
893 1985 992 2025 anam
1002 1960 1151 2026 videlicet
1164 1960 1333 2024 ecclesiam

246 2068 282 2127 in
305 2064 425 2132 bonore
448 2072 556 2132 sancti
584 2067 716 2155 Georgii
739 2080 980 2146 consecratam,
1011 2072 1044 2131 in
1070 2067 1147 2133 viiia
1169 2067 1216 2131 ibi
1239 2071 1337 2131 insita

244 2174 401 2240 vocabalo
427 2176 584 2255 Domina,
612 2176 823 2264 omnibusque
847 2177 896 2242 ad
919 2181 1025 2267 ipsam
1048 2177 1217 2241 ecclesiam
1237 2180 1336 2266 perti-

244 2282 405 2361 nentibus,
425 2297 456 2348 et
467 2287 560 2375 justa
576 2309 651 2349 eam
663 2309 761 2349 anam
776 2289 905 2350 vineam
920 2310 992 2350 cnm
1004 2310 1068 2349 nno
1083 2284 1174 2350 horto
1189 2285 1338 2348 similiter

244 2403 390 2468 tenente,
402 2415 464 2480 qne
477 2397 630 2457 terminat
641 2391 837 2457 exomnibas
847 2392 997 2481 partibas
1008 2393 1050 2457 de
1061 2397 1132 2480 ipsa
1143 2391 1336 2467 hereditate,

245 2520 346 2560 arram
363 2501 461 2562 etiarn
478 2498 712 2563 condaminam
724 2522 787 2585 qne
799 2502 953 2562 terminat
968 2525 1009 2563 ex
1023 2523 1088 2564 ana
1101 2511 1197 2590 parte
1210 2498 1252 2563 de
1266 2502 1338 2588 ipsa

245 2603 438 2682 hereditate,
461 2606 503 2670 de
523 2605 595 2669 aiio
605 2607 713 2691 flavio
733 2607 836 2682 Isare‚
852 2629 874 2668 a
890 2605 998 2669 medio
1014 2605 1069 2670 die
1083 2629 1173 2693 aqna
1193 2616 1338 2669 currente

245 2715 438 2799 cognomine
467 2710 628 2788 Domina,
650 2710 691 2774 de
714 2710 783 2773 alia
804 2723 900 2799 porte
925 2711 965 2774 de
993 2718 1065 2799 ipsa
1087 2709 1278 2785 hereditate,
1308 2722 1339 2772 et

244 2841 342 2882 unam
361 2830 492 2908 pratum
508 2822 627 2906 inipso
642 2816 730 2894 viiia,
749 2821 807 2906 qui
824 2822 1064 2881 terminatarex
1074 2816 1221 2881 omnibns
1230 2820 1335 2906 parti-

247 2924 306 2989 bas
321 2925 362 2989 de
376 2928 448 3013 ipsa
470 2923 659 3000 hereditate,
677 2948 699 2987 a
715 2937 831 2987 sancta
855 2948 981 3011 qaoque
1002 2924 1125 2988 Helena
1148 2948 1247 2989 anam
1270 2947 1336 2987 me-

244 3030 401 3095 dietatem
417 3032 459 3096 de
478 3054 541 3096 nno
554 3035 718 3121 piscatore
728 3055 822 3119 qoem
837 3030 884 3094 ibi
903 3030 1007 3096 habeo
1016 3055 1030 3110 ,·
1049 3031 1109 3095 tati
1121 3054 1247 3120 quoqne
1261 3053 1334 3094 con-

245 3150 340 3201 venta
357 3151 390 3202 nt
410 3141 444 3202 in
455 3142 604 3227 proprios
618 3162 692 3201 usas
706 3162 763 3200 eas
777 3161 827 3201 res
848 3151 990 3202 teneant.
1013 3139 1136 3202 Testes:
1158 3136 1334 3225 Bodatius,

247 3245 363 3334 Wigo,
384 3245 485 3322 Bosa,
506 3244 655 3331 Osnifas‚
677 3245 796 3333 Vaigo.

290 3356 408 3418 Aetam
428 3353 584 3418 Cioniaco
609 3366 767 3440 regnante
785 3351 923 3430 Rodnlfo
940 3375 1015 3438 rege
1035 3374 1123 3413 anno
1147 3371 1240 3413 xxxv.
1261 3350 1336 3412 lini·

244 3461 390 3528 noardus
404 3464 533 3552 scripsit
549 3459 609 3548 (l).

281 3717 319 3786 (1)
340 3719 413 3770 Cette
431 3717 545 3769 chartea
566 3717 639 3783 posse
655 3731 715 3766 sous
729 3717 765 3766 les
778 3730 847 3783 yeux
860 3715 892 3766 de
910 3715 1037 3771 ttabilton.
1052 3714 1096 3781 qui
1114 3714 1234 3778 t'onalysc
1247 3729 1278 3762 en
1293 3728 1334 3762 ces

245 3815 344 3861 tarmes
357 3807 422 3858 daos
432 3822 479 3857 son
489 3808 562 3872 cinge
570 3805 601 3856 de
611 3807 677 3856 saint
689 3805 794 3864 Dotion,
805 3805 872 3857 abbe
886 3806 917 3855 de
934 3804 1028 3869 Ctuny.

281 3910 326 3955 to.
346 3903 425 3954 Anno
439 3908 471 3953 85
491 3902 590 3967 Rodatfi
611 3905 687 3967 roais,
710 3904 738 3951 id
759 3911 796 3952 ast
814 3918 864 3951 (ενα
884 3903 981 3966 culpari
1004 3904 1068 3951 1027
1081 3907 1123 3949 cat
1136 3900 1256 3964 sepienti,
1277 3899 1335 3946 dota

244 4003 282 4044 nt
302 3991 410 4044 Odiioni
425 3994 506 4041 attan·
520 3993 622 4040 ecclesio
641 3993 722 4040 sancti
741 3991 847 4054 Georqii
865 3993 952 4038 sitnia
968 3991 1027 4037 viiia
1043 3988 1162 4036 Domina.
1181 3986 1242 4034 Item
1260 3988 1333 4034 vinco

243 4083 346 4140 tudem,
359 4089 382 4129 et
395 4097 446 4128 uno
460 4079 603 4128 corrdomino
614 4081 640 4126 in
653 4096 715 4141 paqo
731 4078 974 4138 Gratinnopoiitono.

283 4174 356 4241 (Acte
370 4168 415 4221 SS.
433 4169 529 4221 ordinis
543 4168 569 4219 S.
587 4168 731 4225 tteiiedieti3
743 4168 865 4218 saecutunr
875 4173 976 4216 sextum
984 4184 991 4221 ι
1005 4179 1063 4232 pers
1077 4164 1181 4230 priato.)
