3150 5174
382 557 580 630 Cloffarium
597 559 640 630 ad
657 560 750 630 usum
766 561 943 632 Cartularis
960 560 1001 631 de
1020 563 1177 633 Domina.
1251 583 1321 662 425

270 763 337 823 bent,
350 771 370 810 to
380 764 401 810 in
416 765 462 810 boc
473 763 538 825 passu
556 772 683 826 cormptos
696 777 769 811 voces

269 853 329 898 mibi
342 851 424 897 ridere
436 852 528 897 videor.
541 851 602 897 Vide
617 851 723 898 notulam
737 852 768 897 od
791 896 792 900 ,

270 938 362 984 calcem
373 951 396 982 c.
407 951 435 983 αι
451 938 575 998 rejettam.

830 761 877 828 ipse
894 760 991 828 miserat
1009 763 1031 812 in
1048 759 1138 830 guadio
1155 779 1197 830 per
1214 765 1328 831 quinquo-

829 849 897 914 gintu
910 846 1014 914 solidos.
1039 853 1100 899 Vide
1120 855 1243 900 Canenti.
1264 855 1326 901 Gaii.

829 950 902 1001 gage.

236 1027 364 1070 Getieum.
377 1024 408 1069 C.
422 1038 481 1083 129:
495 1019 571 1070 Valde
582 1022 715 1087 perterritus
722 1037 770 1088 pa·
797 1021 921 1082 Guenernt,
936 1025 1054 1070 Gurnrrne.
1066 1025 1097 1070 C.
1109 1027 1155 1071 ao:
1171 1021 1258 1087 ‘Postea
1268 1026 1330 1073 venir

270 1107 356 1175 nosque
377 1104 493 1175 gehenna
510 1106 672 1174 pertimescens
677 1126 687 1165 ,⁴
706 1117 726 1156 to
745 1124 768 1154 c.

270 1212 335 1243 210:
349 1197 380 1243 Ur
393 1195 457 1243 Dens
473 1195 618 1260 omnipotens
632 1191 770 1261 agehenna

271 1278 377 1330 incendio
400 1281 494 1328 unimur
510 1278 601 1343 nostros
621 1281 714 1346 eripiat.
734 1284 770 1329 Sic

831 1103 863 1154 ad
884 1104 1071 1155 emendationem
1089 1108 1111 1158 e
1128 1109 1238 1175 guirpivit
1255 1122 1328 1158 totam

831 1189 891 1240 hanc
905 1191 1053 1260 injustitiam.
1067 1197 1097 1242 C.
1113 1210 1175 1254 224:
1196 1198 1280 1244 Petrus
1297 1197 1330 1244 in-

832 1291 896 1345 tegre
912 1295 1004 1328 omnem
1021 1278 1163 1329 calumniam
1176 1279 1246 1349 hujus
1258 1283 1330 1331 vineo

263 1364 476 1433 futurasapplicia
483 1366 505 1415 b
512 1378 712 1432 pnnaperpetuo
721 1370 771 1429 qui·
823 1361 906 1429 finivit
913 1365 935 1415 fr
943 1366 1053 1432 guirpivit
1063 1367 1085 1414 in
1097 1383 1168 1415 manu
1185 1364 1275 1417 domini
1284 1370 1328 1417 Ar-

272 1455 316 1502 bus
326 1462 469 1516 peccatores
480 1454 593 1515 puniendi
605 1454 655 1499 sunt
669 1455 715 1500 boc
731 1454 771 1499 de-

271 1550 384 1588 notantur
395 1540 529 1597 vocabulo,
540 1542 604 1586 venit
613 1540 645 1586 ab
655 1539 769 1586 hebraica

830 1447 889 1499 beni
899 1451 993 1500 Prioris.
1003 1454 1122 1518 Significat
1131 1450 1257 1520 absolvere,
1264 1453 1331 1504 retin-

832 1551 908 1600 quere,
921 1535 1054 1601 concedere,
1072 1555 1087 1587 α
1102 1554 1126 1589 re
1143 1552 1251 1589 contentu
1269 1538 1329 1606 defi-

269 1642 328 1674 voee
342 1641 461 1693 geennon,
475 1628 522 1673 boc
537 1626 572 1673 est
587 1622 769 1690 vallisfiiiorrnn
824 1619 897 1685 flere.
910 1625 1101 1690 Goliacqnirter,
1110 1623 1262 1693 conceder,se
1273 1624 1331 1690 de'fi-

271 1713 428 1773 Hennon,ubi
440 1712 579 1759 iocusidoio
590 1712 643 1759 Boni
654 1720 705 1758 erat
715 1725 771 1758 con·
824 1705 883 1771 ster.
904 1712 966 1758 Hinc
984 1727 1030 1759 vox
1047 1712 1132 1777 gattico
1149 1709 1285 1779 de‘guerpir,
1301 1710 1329 1762 de

272 1799 385 1851 secretus.
397 1797 460 1844 Gali.
470 1795 564 1862 l'enfer.

828 1793 928 1863 poffeffa
940 1811 964 1845 re
975 1793 1092 1847 decedere.

238 1888 327 1933 Generi.
341 1887 371 1932 C.
391 1886 498 1949 233-38:
514 1885 559 1933 Sex
570 1879 654 1949 gerbas
668 1879 769 1946 (debent)
798 1882 936 1944 Gurnrnm,
948 1880 1198 1946 Gurnerrro.Relidio,
1209 1883 1330 1950 conceffio,¹

271 1966 768 2036 &tresdenuriosdebraciuco.C.233-94:

271 2059 316 2106 Sex
326 2071 437 2124 capones,
451 2055 473 2104 e
486 2053 515 2104 de
527 2052 638 2114 bruciaco¹
649 2055 701 2103 odo
716 2070 770 2121 ger-

271 2140 322 2192 bas,
347 2145 383 2191 Est
401 2141 524 2209 spicarum
545 2139 687 2208 manipulus.
709 2143 771 2189 Italis

271 2227 353 2296 gerba,
366 2229 422 2295 gall.
432 2225 511 2294 gerbe.

239 2319 361 2364 Genucii.
378 2318 409 2362 C.
428 2331 534 2381 233·17:
551 2317 630 2363 Petrus
642 2328 695 2361 vero
708 2309 772 2361 dedit

273 2400 396 2451 monachis
404 2403 531 2468 grangiam
535 2400 655 2467 suamc.
664 2416 691 2467 ²3
699 2416 734 2458 7-r
744 2416 751 2446 ι
764 2419 768 2446 :

272 2491 301 2537 Et
312 2501 412 2554 quatuor
424 2485 531 2537 denarios
546 2485 613 2537 debet
628 2485 656 2535 de
668 2484 769 2551 quodum

272 2577 385 2642 grangia.
396 2577 470 2622 Locus
480 2577 519 2622 ubi
530 2590 605 2640 grano
616 2575 770 2621 frumentaria

274 2671 294 2708 tt
308 2665 443 2727 generatim
454 2664 507 2708 anni
518 2662 598 2725 [urges
608 2660 653 2707 sive
663 2659 770 2707 vidualin

274 2749 446 2795 reconduntur.
462 2747 522 2794 Gali.
534 2761 625 2812 grunge
637 2746 660 2808 (a
671 2745 770 2792 vocibus

272 2849 373 2899 granum
389 2843 409 2880 ta
420 2833 509 2898 agere).

240 2922 374 2972 Gunniuu,
398 2922 586 2967 Gunnruouruu.
610 2920 640 2964 C.
665 2920 706 2963 18:
727 2919 770 2964 Cui

240 3525 371 3572 Henrurrn.
392 3527 422 3571 c,
446 3541 507 3582 104:
530 3519 635 3570 Andreas
653 3520 771 3588 conversus

275 3609 387 3659 heremita
398 3625 473 3657 cocus.
484 3612 497 3656 t
507 3624 566 3656 voce
573 3610 768 3673 graecadptraor,

274 3695 396 3763 desertum,
409 3694 524 3762 solitudo,
540 3697 576 3742 Ab
594 3697 719 3742 bominum
734 3696 771 3741 io-

274 3788 361 3831 cietate
371 3784 491 3848 longinqui
502 3787 574 3829 vitam
586 3783 691 3846 agebant
704 3784 771 3829 bere

275 3876 349 3931 mitee,
357 3876 379 3918 in
389 3872 558 3917 attributorum
570 3872 614 3916 Dei
625 3868 770 3930 contempio-

275 3964 364 4005 tionem
372 3958 691 4018 mentemomnesqueanimi
700 3956 770 4003 iocul-

831 1968 886 2033 gail.
910 1964 1036 2031 abendon,
1061 1967 1152 2034 ceffion.
1177 1972 1331 2034 Quandoque

831 2054 967 2116 simpliciter
979 2051 1066 2103 donum
1084 2057 1159 2118 sonat,
1177 2065 1203 2104 nt
1221 2066 1287 2120 petet
1302 2074 1330 2106 ex

831 2149 897 2188 curta
911 2158 966 2204 107,
977 2143 1017 2191 ubi
1028 2144 1155 2206 presbyter
1164 2146 1222 2193 Boio
1231 2146 1329 2194 dimittit

832 2226 889 2290 (boc
906 2228 941 2276 est
958 2229 1043 2294 donet)
1060 2232 1176 2292 primitius
1188 2239 1209 2278 ta
1222 2232 1330 2280 decimos

832 2321 853 2360 tt
866 2314 1018 2375 poffeffiones
1031 2318 1157 2363 monacbis
1175 2312 1204 2365 de
1223 2317 1328 2364 Domina

833 2399 904 2462 (nulia
919 2408 975 2447 tnnc
989 2408 1041 2447 erat
1055 2402 1116 2448 inter
1128 2401 1328 2463 presbyterum&

831 2488 963 2534 monachos
973 2487 1005 2534 de
1016 2488 1053 2534 bis
1062 2487 1170 2551 querela)
1179 2488 1277 2553 :Accepi
1287 2503 1328 2534 ou-

832 2583 877 2620 rem
893 2587 937 2637 pro
956 2569 1000 2634 isto
1020 2572 1162 2638 gnirpirione
1179 2569 1210 2621 ab
1228 2574 1329 2639 Hngone

832 2657 913 2705 ‘Priore
928 2672 999 2704 unam
1015 2653 1104 2704 mulum
1118 2657 1140 2705 e
1157 2669 1248 2705 centum
1259 2657 1280 2706 fr
1291 2658 1329 2705 tri-

831 2744 898 2810 ginta
906 2741 952 2809 sex
960 2739 1062 2809 solidos.
1077 2745 1101 2790 ln
1114 2743 1178 2790 sensu
1194 2752 1275 2790 autem
1291 2758 1328 2792 re-

831 2826 930 2878 lidionis
943 2826 998 2895 post
1013 2825 1139 2893 querelam,
1150 2843 1172 2874 c.
1189 2831 1248 2876 108:
1261 2830 1328 2877 Hanc

831 2911 1065 2981 gnirpitionemferit
1072 2929 1116 2981 pro
1131 2929 1201 2962 uxore
1206 2914 1264 2980 sua.

833 3521 905 3570 dente
921 3521 1067 3569 exstiterunt.
1088 3523 1152 3571 Inter
1165 3521 1218 3569 istos
1236 3522 1327 3570 sannas

832 3609 971 3658 noredinus
985 3616 1005 3654 tr
1016 3609 1066 3669 ejus
1079 3608 1133 3654 socii
1147 3609 1251 3669 primum
1262 3608 1326 3668 opud

832 3696 974 3743 Sublacenm
984 3689 1194 3758 (bodieSnbbiuco)
1204 3708 1280 3756 prope
1290 3694 1328 3739 Ti-

832 3781 877 3827 bur
893 3780 981 3828 deinde
996 3780 1060 3842 opud
1077 3779 1183 3826 Montem
1203 3779 1325 3826 cussinum

831 3870 961 3915 eminuere.
982 3866 1042 3912 Vide
1055 3867 1077 3911 in
1089 3864 1168 3912 verbis
1182 3866 1324 3913 Cotuonro-

831 3967 878 4002 iou
892 3961 912 4000 bt
925 3953 1072 4000 uonicnos.

274 4054 335 4091 tates
357 4046 513 4091 intendentes.
535 4043 596 4089 Gall.
614 4043 701 4090 ermite.
720 4043 769 4088 Ce-
797 4042 950 4099 Homerum,
972 4038 1137 4084 Houuncturn.
1152 4037 1183 4082 C.
1202 4052 1268 4103 ²39·
1281 4055 1323 4097 14:

276 4132 352 4177 tebres
378 4131 442 4177 iuere
463 4132 484 4176 iu
508 4132 607 4175 Oriente
629 4128 768 4175 Thebaidos

276 4220 414 4272 heremitam
431 4231 530 4263 numero
547 4217 650 4260 minores
662 4217 683 4260 in
697 4215 769 4259 Occi-

831 4122 881 4190 Ipse
894 4124 989 4172 Pontius
1003 4118 1041 4184 (de
1056 4122 1110 4184 fos)
1120 4119 1326 4188 jurarirfideiiro-

831 4223 875 4259 tem
897 4211 917 4259 b
936 4207 1098 4273 hominagium
1118 4204 1231 4273 proditio
1253 4211 1326 4260 Priori

1102 4297 1181 4380 27b
