3150 5174
242 521 297 607 72
517 492 748 586 Cartulare
769 493 824 586 de
846 497 1048 585 Domina.

242 794 1325 848 ὢὣῶὣῶὢῶὣῶὢῶὢῷὢῷὣῶὢῶᾢῶὣῶὢῶὢῶὣῶὣῶὣῶὢῶὣῶὦὣῶῶ

240 1134 298 1224 76.
316 1140 407 1207 Carm
421 1142 526 1209 Pontii
533 1143 671 1208 edinardi
685 1143 722 1207 de
732 1142 860 1235 ecclestis
874 1146 904 1208 in
919 1141 1108 1232 oillavargo,
1119 1139 1150 1207 θ’
1162 1142 1198 1206 de
1211 1139 1325 1227 manso.

668 1368 902 1430 (nn-ni.)

255 1614 315 1685 ςρἱ
388 1629 391 1683 4
418 1584 711 1659 ERTISSlMUM
733 1584 770 1657 sit
794 1583 886 1682 quod
910 1611 975 1685 ego
998 1587 1128 1656 Pontius
1145 1584 1236 1656 dono
1254 1587 1330 1654 Deo

288 1716 326 1800 ζ
339 1700 387 1798 ἐζ
417 1705 451 1772 &
463 1700 579 1771 sanctis
595 1709 663 1794 ejus
679 1698 832 1798 apostolis
853 1703 945 1771 Petro
962 1705 996 1772 ἃ
1018 1702 1115 1772 Paulo
1133 1726 1194 1771 nec
1212 1725 1281 1771 non
1294 1704 1330 1772 δ(

256 1815 317 1890 2(
340 1854 342 1857 ’
373 1884 374 1887 ,
417 1819 657 1889 monachorum
675 1816 905 1890 Cluniensium
922 1821 1014 1916 gregi
1039 1816 1127 1916 apud
1149 1820 1331 1888 Dominam

242 1958 445 2033 congregato
461 1958 587 2031 partem
606 1959 715 2004 meam
735 1930 941 2004 ecclefiarum
955 1959 1029 2028 quae
1043 1930 1108 2004 fitae
1124 1933 1242 2004 suntin
1255 1933 1332 2003 nla-

243 2073 357 2146 vargo,
377 2053 411 2120 &
425 2047 635 2120 medietatem
652 2075 753 2145 quam
771 2048 853 2120 Boso
867 2048 1024 2146 presbiter
1046 2073 1135 2120 tenet
1155 2047 1196 2119 de
1216 2049 1331 2120 manso

242 2165 369 2236 Villaris
383 2164 594 2237 Presbiteralis
609 2165 728 2236 scilicet
741 2189 944 2262 nuncupato.
960 2166 1055 2236 facio
1069 2189 1179 2235 autem
1192 2164 1257 2235 hoc
1268 2163 1314 2236 do

246 2306 327 2350 num
342 2307 403 2376 pro
419 2281 704 2353 innumerabilium
729 2306 879 2352 meorum
903 2279 1086 2352 remiffione
1102 2306 1329 2378 peccatorum,

246 2399 280 2466 ἃ
294 2420 331 2465 ut
342 2394 513 2468 beatorum
526 2393 803 2467 interceffionibus
813 2393 1035 2492 apostolorum
1046 2421 1145 2492 atque
1157 2395 1333 2493 praedicto-

222 2571 225 2579 .
243 2536 315 2580 rum
332 2508 452 2581 eisdem
469 2510 696 2582 famulantium
715 2511 960 2582 monachorum
973 2537 1112 2610 regnum
1124 2538 1249 2583 merear
1260 2538 1334 2609 per-

245 2627 352 2722 cipere
366 2626 539 2698 coelorum.

242 2898 1331 2952 ΦΦὼὢῶᾣῶὢῶὢῶὢὢῶὥῶᾢῷῶὣῶὣῶὣῶᾣῶὢῶῶὢῶὢὼὢῶὢῷῶθῶ

254 3256 313 3322 77.
333 3236 424 3303 Carm
434 3237 539 3303 Pomii
549 3235 579 3303 fe
591 3239 730 3303 oiinordi
747 3238 784 3302 de
802 3236 921 3329 ecclesto
935 3238 973 3302 de
986 3235 1115 3303 ‘sencino
1128 3235 1159 3303 θ
1172 3238 1209 3303 de
1219 3237 1317 3329 oilpen

669 3481 903 3543 (nn-nn.)

267 3816 270 3833 Α
324 3760 345 3837 Ἰ
379 3752 405 3781 *
420 3734 582 3803 ΑΤΕΑΤ
599 3736 725 3804 cunctis
745 3731 893 3804 fidelibus
911 3735 988 3828 quia
1006 3758 1066 3802 nos
1079 3731 1189 3803 fratres
1203 3734 1334 3805 Pontius

257 3844 352 3997 Ἣ*
367 3832 454 3940 1Ᾰδι
466 3850 627 3922 mnardus
635 3850 750 3922 damus
760 3854 908 3922 Domino
920 3853 995 3922 Deo
1004 3854 1154 3922 omnium
1168 3850 1334 3924 bonorum

254 3931 406 4035 Μ
420 3966 561 4063 largitori
579 3991 639 4036 nec
657 3992 724 4036 non
738 3970 771 4037 ἃ
785 3963 977 4063 apostolis
949 3993 1019 4058 ejus
1033 3968 1274 4040 Petro&Paulo
1292 3968 1336 4040 ad

246 3982 356 4152 iocum
374 4081 574 4151 Cluniacum
591 4081 762 4151 monachis
779 4079 929 4152 videhcet
937 4079 1106 4153 Cluniens
1109 4080 1170 4153 bus
1179 4110 1236 4179 qui
1228 4083 1338 4180 apud
