3150 5174
516 533 748 624 Cartulare
769 531 824 624 de
846 536 1049 624 Domina.
1244 568 1320 659 253

292 796 345 870 14.
367 775 541 846 Atenulfus
555 779 589 847 ὅ(
601 776 776 846 Antelrnus
792 776 887 848 frater
898 786 967 870 ejus
977 778 1095 848 sanctis
1108 777 1261 875 apostolis
1275 780 1329 850 Pe-

239 915 288 962 tro
301 894 336 961 ἃ
350 891 448 962 Paulo
461 888 503 960 de
517 892 666 963 Domina
681 894 715 961 ὅ(
733 893 905 963 monachis
924 891 1048 963 ibidem
1069 894 1145 964 Deo
1164 893 1328 964 servienti-

238 1006 300 1078 bus
313 1005 476 1078 dederunt
487 1034 548 1105 pro
559 1007 720 1103 sepultura
732 1008 788 1077 sua
801 1032 863 1078 tres
880 1008 1064 1079 sextariatas
1075 1006 1115 1078 de
1130 1033 1211 1079 terra
1228 1036 1329 1104 quam

237 1124 321 1195 Boso
338 1123 482 1193 Michae'l
498 1147 589 1193 tenet
605 1127 639 1194 ὅ(
656 1123 776 1195 excolit
791 1120 834 1192 ad
851 1121 1076 1193 medietatem.

285 1239 480 1310 Vuillelmus
488 1235 530 1308 de
540 1238 674 1310 Revello
686 1236 778 1309 dedit
789 1239 906 1311 sanctis
916 1238 1072 1336 apostolis
1084 1240 1175 1310 Petro
1187 1243 1221 1310 ὅ(
1231 1240 1329 1311 Paulo

237 1351 278 1424 de
293 1354 442 1426 Domina
456 1379 557 1423 unam
569 1355 701 1425 vineam
713 1351 756 1422 ad
767 1354 921 1451 Burgiam
932 1378 1034 1448 quam
1046 1353 1330 1432 excolitGiroldus

237 1465 400 1539 Rodulfus
417 1466 461 1538 ad
477 1466 703 1554 medietatem,
714 1465 864 1538 &reddit
880 1494 920 1538 ex
938 1493 977 1537 ea
989 1466 1168 1540 duodecim
1181 1467 1332 1541 denarios

237 1578 279 1653 de
296 1582 437 1653 servitio.

290 1714 344 1794 15.
365 1697 492 1768 Notum
503 1694 541 1767 sit
552 1694 708 1767 omnibus
718 1695 929 1791 praesentibus
942 1701 978 1768 &
989 1695 1103 1768 futuris
1111 1695 1325 1791 quodAy....

237 1814 324 1884 Prior
334 1811 375 1884 de
387 1813 548 1899 Domina,
558 1813 731 1884 communi
748 1814 899 1883 omnium
911 1811 1047 1883 fratrum
1059 1816 1094 1883 &
1106 1812 1236 1884 samiliae
1246 1838 1329 1884 con-

239 1925 324 2017 silio,
345 1953 503 2024 campum
519 1930 576 2022 qui
598 1923 645 1997 esl
666 1929 700 1996 in
719 1927 835 1998 Monte
853 1930 1017 2020 Aymonis
1035 1926 1144 1999 subter
1161 1924 1332 1998 ecclesiam

240 2044 361 2116 sanctae
380 2045 519 2140 Agnetis
536 2066 645 2113 totum
662 2067 701 2112 ex
714 2044 858 2139 integro,
879 2040 960 2114 sicut
979 2041 1027 2114 est
1044 2045 1128 2113 inter
1144 2040 1225 2113 duas
1246 2045 1329 2131 vias,

238 2184 318 2230 cuin
335 2159 432 2229 censu
446 2156 624 2228 &decima
645 2157 788 2253 Hugoni
802 2156 870 2228 filio
888 2156 1073 2256 Engelberti
1090 2155 1181 2228 dedit
1196 2163 1231 2230 &
1246 2185 1330 2230 con-

239 2270 348 2362 cessit,
367 2270 519 2344 videlicet
530 2298 591 2368 pro
605 2271 729 2367 septem
750 2272 890 2343 sextariis
910 2273 1037 2369 pulchri
1057 2271 1228 2361 frumenti,
1248 2300 1332 2345 uno

236 2415 374 2485 quoque
392 2414 482 2458 anno
499 2391 533 2458 in
554 2385 725 2457 festivitate
746 2388 912 2458 Omnium
931 2389 1126 2460 Sanstorum
1147 2388 1332 2486 persolven-

237 2500 288 2573 dis
302 2533 312 2591 3
328 2499 483 2597 deditque
500 2503 602 2571 etiam
619 2501 650 2571 ei
661 2503 696 2570 in
708 2500 996 2572 melioramentum
1010 2500 1091 2572 duas
1106 2503 1332 2598 portiunculas

238 2641 330 2688 terrae
346 2641 429 2711 quas
443 2617 582 2686 Caintas
599 2640 733 2686 vocant.
752 2618 892 2712 Accepit
912 2640 1022 2688 autem
1039 2615 1082 2687 ab
1095 2644 1136 2688 eo
1150 2641 1285 2688 centum
1297 2621 1332 2688 &

236 2733 354 2829 viginti
369 2729 488 2802 solidos
500 2732 534 2801 in
548 2728 801 2820 vestimentum3
820 2757 897 2802 curn
917 2754 1029 2803 autem
1042 2731 1085 2801 ad
1096 2732 1255 2829 placitum
1271 2760 1329 2806 ve-

239 2848 324 2916 nerit
338 2848 456 2943 viginti
475 2843 595 2916 solidos
613 2843 690 2914 dare
711 2843 811 2915 debet
827 2875 836 2932 3
859 2843 1016 2941 deditque
1037 2849 1067 2916 ei
1087 2871 1218 2942 pratum
1237 2848 1331 2918 suum

238 2985 299 3055 pro
316 2960 367 3030 sex
387 2956 525 3028 denariis
542 2961 576 3028 ὅ(
594 2955 772 3028 duodecim
789 2954 929 3029 denariis
944 2957 986 3028 de
1003 2958 1137 3054 placito.

294 3070 347 3146 16.
369 3072 480 3143 Sciant
496 3098 615 3143 omnes
632 3071 802 3168 praesentes
819 3078 853 3145 ὅ(
870 3071 968 3143 futuri
988 3071 1081 3170 quod
1108 3077 1221 3168 ny....
1248 3075 1334 3146 Prior

239 3186 281 3257 de
295 3188 456 3276 Domina,
472 3188 646 3258 communi
661 3189 812 3257 omnium
832 3188 967 3259 fratrum
979 3193 1014 3260 ὅ(
1032 3188 1161 3260 familiae
1179 3186 1329 3275 consilio,

240 3303 333 3371 Petro
352 3300 419 3371 silio
443 3300 584 3372 Andreae
607 3298 649 3370 de
668 3302 783 3373 Monte
804 3306 959 3396 Aymone
981 3327 1060 3375 octo
1082 3305 1264 3376 sextariatas
1289 3302 1331 3374 de

241 3441 323 3487 terra
336 3441 396 3510 pro
410 3418 556 3511 quinque
577 3414 718 3486 sextariis
727 3415 768 3487 de
781 3444 899 3507 avena,
912 3423 946 3490 ὅ(
958 3445 1019 3516 pro
1037 3419 1107 3490 aliis
1124 3422 1272 3516 quinque
1290 3417 1331 3490 de

240 3530 380 3629 siligine,
395 3535 429 3602 &
443 3556 535 3628 prata
547 3529 660 3602 subtus
675 3533 875 3604 Fracinetum
886 3561 947 3631 pro
960 3538 1107 3630 quinque
1120 3533 1230 3606 solidis
1242 3532 1333 3604 dedit

241 3654 275 3721 ὅ(
284 3644 444 3719 concessit
455 3650 488 3718 in
503 3645 584 3718 sesto
598 3649 763 3718 Omnium
776 3648 971 3722 Sanctorum
985 3649 1217 3747 persolvendis,
1228 3653 1262 3721 &
1272 3674 1330 3745 pro

242 3766 374 3861 triginta
392 3760 498 3833 solidis
515 3761 556 3832 de
574 3761 710 3859 placito.
