3150 5174
247 543 327 633 116
521 537 751 630 Castulare
773 533 827 628 de
849 534 1054 627 Domina.

240 874 1337 936 ὼῶὣῶῶῶὢὣῶὣῶὣῶὣῶὼῶὢὼόρὣῶὢῶὢῶῶῶὢῶὢῶὣῶὣῶὢῶὣῶὣ

309 1200 387 1278 134.
406 1184 498 1252 Corra
512 1183 670 1251 vualterii
681 1183 815 1248 Batonis
827 1181 865 1247 de
877 1182 994 1248 decimo
1007 1181 1112 1246 santii
1121 1178 1268 1268 Jotnnis.

247 1542 281 1605 s
297 1552 357 1575 ⁸
384 1577 400 1640 4
417 1534 566 1608 OTUM
578 1531 780 1608 fitomnibus
788 1536 947 1633 placitum
956 1532 1050 1632 quod
1059 1532 1216 1607 dominus
1229 1535 1336 1635 Hugo

254 1646 263 1727 ζ
385 1649 400 1739 ζ,
419 1652 505 1723 Prior
521 1649 563 1720 de
581 1652 729 1722 Domina
747 1650 826 1721 fecit
841 1677 919 1722 cum
934 1650 1105 1722 Vualterio
1122 1651 1250 1722 Barone
1267 1648 1336 1721 filio

246 1769 360 1861 ¹2:³0
416 1768 1336 1842 Vualteriimanentis&cummaritosororissuaenomine

240 1885 409 1981 Stephano
422 1883 464 1955 de
482 1883 613 1955 decimo
630 1883 743 1954 Sancti
754 1885 905 1970 loannis,
925 1909 1027 1979 quem
1042 1907 1136 1981 pater
1152 1883 1226 1954 suus
1241 1908 1335 1955 tene-

240 2001 298 2073 bat
319 2001 527 2071 amonachis
544 1997 586 2069 de
604 2000 763 2070 Domina.
790 1999 859 2097 Ipse
880 1998 1033 2072 videlicet
1052 1998 1239 2071 Vualterius
1262 1996 1336 2097 post

240 2115 370 2188 obitum
378 2117 476 2212 patris
488 2115 533 2185 sui
547 2112 715 2211 querebat
727 2113 920 2211 praedictum
933 2112 1102 2185 decimum
1117 2113 1333 2204 amonachis,

240 2233 298 2327 qui
324 2228 477 2327 praefatus
499 2230 584 2300 Prior
605 2227 761 2299 dominus
787 2230 892 2328 Hugo
912 2229 1117 2326 praesentavit
1140 2228 1248 2299 facere
1267 2228 1334 2300 hoc

241 2344 334 2442 quod
345 2343 467 2438 justum
484 2343 576 2433 effer,
596 2342 689 2439 quod
705 2345 772 2442 ipse
789 2344 909 2433 noluit,
929 2342 985 2415 sed
1001 2342 1132 2442 accepit
1148 2338 1337 2441 apr'aedicto

240 2463 344 2532 Priore
361 2459 479 2531 decem
492 2458 624 2547 solidos,
641 2464 675 2531 ὅ(
688 2457 809 2531 dimisit
819 2458 987 2530 decimum
1003 2461 1123 2531 Deo&
1135 2459 1253 2531 sanctis
1263 2467 1336 2554 ejus

241 2572 395 2670 apostolis
412 2574 504 2645 Petro
519 2576 554 2643 &
572 2573 670 2645 Paulo
687 2579 721 2646 &
747 2572 921 2645 monachis
940 2569 1178 2644 Clunienfibus
1197 2571 1241 2645 ad
1257 2599 1334 2645 mo-

244 2688 419 2758 nasterium
436 2686 477 2758 de
490 2690 637 2760 Domina
649 2689 743 2785 super
755 2689 854 2760 altare
865 2689 993 2760 Sanctae
1007 2688 1118 2760 Mariae
1130 2687 1198 2785 ipse
1211 2692 1338 2785 &prae-

242 2802 346 2875 dictus
362 2812 432 2897 ejus
450 2830 613 2903 cognatus
625 2806 822 2903 Stephanus

291 2922 329 2991 8.-
345 2921 503 2992 Vualterii
515 2926 549 2991 ὅ(
563 2922 720 3019 Stephani
733 2926 869 3022 c'ognati
880 2925 939 3012 sui,
952 2927 1009 3019 qui
1026 2924 1113 2995 hanc
1126 2947 1250 2995 cartam
1265 2922 1337 2993 fieri

243 3037 413 3130 jufferunt.
427 3037 633 3135 Exsuaparte
643 3039 846 3110 testessunt:
866 3038 1048 3111 Bernatdus
1058 3040 1242 3127 Bernerius,
1260 3039 1338 3110 Bet-

244 3150 362 3222 nardus
383 3151 593 3251 Aldeburgis,
606 3154 792 3226 Vualterius
806 3153 920 3227 Abho.
941 3155 985 3226 Ex
1009 3179 1101 3252 parte
1131 3156 1243 3227 Prioris
1263 3154 1340 3227 sunt

245 3263 338 3336 testes
352 3298 359 3334 :
375 3266 572 3338 vuillelmus
589 3268 760 3365 presbiter,
785 3268 946 3341 Rodulsus
966 3268 1136 3367 presbiter,
1160 3273 1195 3340 &
1211 3268 1341 3343 Alvisus

244 3379 350 3453 miles.

293 3499 362 3569 Fuit
377 3524 488 3570 autern
501 3501 734 3572 convenientia
748 3525 784 3570 ut
796 3502 1049 3573 anniversarium
1069 3503 1169 3599 patris
1185 3499 1234 3570 sui
1251 3498 1342 3571 sace-

245 3636 318 3682 rent
329 3614 487 3685 monachi
500 3615 595 3686 omni
607 3640 698 3686 anno
712 3616 746 3685 in
761 3616 857 3685 nonis
868 3616 1017 3708 januarii.
