3150 5174
246 540 305 623 74
523 509 752 602 Cartulare
776 511 829 603 de
853 477 1054 605 Domitia.

244 814 1333 868 Wfflcwfflfimwmammfflwfflawmmwbm

300 1201 357 1273 79.
383 1183 474 1250 Carta
487 1186 626 1250 minandi
633 1209 691 1276 pro
701 1184 775 1274 filio
786 1183 846 1273 suo
863 1187 996 1253 cArbmo
1017 1190 1053 1253 de
1066 1190 1283 1258 condamina&

718 1303 853 1368 decimis.

668 1530 899 1591 (Mn-Ass.)

331 1850 392 1928 ‘'v’‘
414 1825 561 1900 OTUM
575 1825 612 1898 fit
632 1828 787 1900 omnibus
800 1827 989 1899 hominibus
1003 1827 1096 1925 quod
1108 1827 1263 1902 dominus
1279 1835 1335 1903 Ai-

254 1937 296 2017 :s
326 1917 371 1945 ’Λ
386 1925 400 2018 Ῐῖ
415 1943 533 2015 nardus
550 1943 591 2015 de
618 1946 764 2016 Domina
788 1941 861 2042 post
884 1968 1026 2015 mortem
1049 1944 1105 2016 filii
1134 1946 1180 2017 sui
1203 1944 1334 2020 Arberti

256 2024 361 2149 '532
379 2075 400 2149 jz
414 2059 503 2130 dedit
520 2062 668 2131 Domino
690 2062 816 2131 Deo&
836 2059 952 2130 sanctis
972 2066 1043 2153 ejus
1067 2057 1220 2156 apostolis
1241 2064 1335 2135 Petro

243 2180 277 2247 ἃ
290 2177 387 2248 Paulo
400 2174 442 2246 ad
455 2172 686 2246 monasterium
698 2173 739 2245 de
755 2177 901 2246 Domina
917 2174 1098 2270 quamdam
1110 2203 1237 2274 partem
1254 2205 1337 2251 con-

242 2290 383 2364 daminae
403 2293 465 2364 succ
478 2317 552 2388 quae
564 2289 610 2363 est
622 2289 681 2362 fita
691 2318 794 2390 prope
806 2288 1053 2379 monasterium,
1067 2295 1102 2362 ὅ(
1114 2319 1231 2365 omnes
1243 2293 1335 2367 deci-

244 2436 312 2480 mas
326 2435 407 2506 quas
420 2410 575 2480 monachi
585 2407 626 2479 de
644 2411 790 2480 Domina
807 2393 1016 2508 pbffidebant
1028 2436 1069 2481 eo
1090 2409 1156 2500 die,
1171 2412 1224 2484 vel
1236 2438 1336 2485 antea

243 2524 405 2620 poffeffuri
421 2548 525 2611 erant,
546 2521 609 2594 five
626 2521 736 2594 abillo
755 2522 818 2596 slve
835 2549 855 2593 a
871 2549 1072 2620 quocunque
1091 2526 1192 2596 milite
1207 2526 1264 2598 suo
1277 2553 1335 2599 aut

244 2637 286 2708 ab
309 2639 419 2734 aliquo
437 2639 571 2709 homine
597 2641 653 2735 qui
674 2636 716 2708 ab
737 2639 793 2709 illo
814 2635 958 2709 tenebat.
985 2640 1062 2709 Hoc
1080 2650 1189 2710 'autem
1206 2639 1334 2713 donum

242 2754 319 2826 fecit
336 2781 395 2851 pro
412 2757 522 2825 anima
534 2754 589 2824 fini
601 2754 646 2825 sui
659 2753 787 2825 Arberti
799 2759 834 2825 &
847 2781 908 2852 pro
920 2755 975 2825 sua
983 2754 1050 2851 ipsa
1061 2756 1221 2852 patrisque
1234 2757 1280 2828 sui
1296 2785 1336 2830 ac

244 2874 353 2942 matris
361 2872 578 2965 omniumque
590 2872 852 2966 propinquorum
866 2869 1007 2940 suorum.

292 2985 323 3054 S.
348 2983 483 3055 Ainardj
498 2984 554 3054 filii
570 2983 617 3054 sui
635 2986 691 3079 qui
713 2983 777 3054 hoc
794 2982 922 3054 donum
944 2982 1086 3055 laudavit
1110 2987 1143 3052 in
1166 2985 1336 3081 praesentia

244 3100 401 3198 patrissui
419 3104 453 3171 ἃ
469 3102 503 3168 in
521 3099 688 3196 praesentia
707 3097 834 3170 domini
852 3100 1006 3197 Hugonis
1023 3100 1146 3190 Prioris,
1167 3106 1257 3192 juxta
1277 3128 1334 3174 ec·

242 3212 370 3285 clefiam
381 3214 498 3286 sanctae
514 3215 622 3284 Mariae
634 3211 675 3284 de
684 3209 835 3284 Tedefio.
850 3213 883 3282 S.
897 3210 1332 3311 RomestagnideAvalone3

245 3328 421 3400 Humberti
434 3327 613 3416 Benedicti3
630 3326 760 3399 Rodulfi
778 3325 942 3398 Bernardi.
