3150 5174
246 558 331 647 260
517 552 750 645 Cartulare
771 550 827 643 de
848 551 1053 643 Domina.

239 799 365 871 habens
380 797 475 869 valde
492 823 549 869 cor
564 798 748 893 poenitens,
768 820 846 867 ante
863 796 896 867 se
913 794 991 867 fecit
1010 796 1123 867 venire
1139 794 1262 866 milites
1278 794 1336 889 qui

241 914 411 987 habebant
427 914 508 984 filias
525 914 607 1001 suas,
627 917 662 984 δι
677 910 893 983 Vuillelmum
909 910 1016 983 filium
1033 910 1142 1001 suum,
1155 914 1192 983 δι
1202 932 1338 983 caeteros

239 1034 365 1101 amicos
387 1030 481 1118 suos,
502 1031 537 1099 ὅ(
556 1024 694 1099 consilio
710 1053 827 1098 eorum
851 1024 937 1098 milit
961 1028 1116 1097 nuntium
1132 1022 1178 1097 ad
1197 1026 1339 1097 Priorem

240 1143 435 1239 Aynardum
451 1147 486 1214 δ(
503 1141 545 1215 ad
566 1143 646 1214 alios
668 1142 865 1231 monachos,
888 1167 1011 1241 rogans
1028 1164 1066 1213 ut
1081 1138 1174 1213 adse
1189 1141 1341 1213 venirent

239 1262 336 1332 causa
351 1258 555 1332 visitationis.
580 1259 679 1329 Tunc
689 1258 755 1345 ille,
770 1281 911 1355 accepto
928 1255 1079 1349 consilio,
1094 1258 1214 1355 petivit
1227 1252 1272 1327 ab
1293 1254 1340 1325 eis

239 1401 276 1446 ut
291 1378 480 1473 acciperent
499 1400 577 1445 eum
595 1378 630 1445 ὅ(
647 1372 793 1443 sacerent
808 1372 1028 1462 monachum,
1048 1376 1084 1444 ἃ
1103 1368 1199 1443 dedit
1220 1394 1340 1442 mona-

241 1488 335 1562 sterio
353 1488 437 1561 duos
458 1514 610 1584 campos,
625 1486 779 1559 videlicet
798 1514 958 1586 campum
970 1487 1014 1560 de
1030 1488 1183 1560 Cameria
1195 1484 1342 1558 &alium

240 1607 298 1700 qui
319 1601 442 1701 positus
459 1600 506 1673 est
521 1610 613 1695 juxta
628 1626 742 1698 prata,
763 1598 855 1672 dedit
877 1626 982 1672 unum
1004 1600 1261 1691 battenterium,
1284 1598 1342 1693 qui

242 1717 343 1791 debet
361 1744 423 1789 tres
440 1715 559 1789 solidos
576 1717 747 1804 annuales,
762 1714 903 1789 &dedit
917 1720 952 1789 in
972 1719 1084 1819 Burgo
1099 1715 1187 1787 duos
1203 1712 1340 1804 casales,

241 1834 381 1905 casalem
398 1860 501 1930 quern
518 1831 656 1904 tenebat
669 1833 775 1929 llugo
787 1832 955 1921 Morellus,
967 1836 1026 1931 qui
1041 1830 1145 1905 debet
1159 1828 1343 1904 duodecim

243 1973 412 2035 nummos,
428 1946 615 2019 &casalem
629 1946 796 2044 Guigonis
809 1946 962 2037 Mulneri,
976 1950 1035 2043 qui
1046 1944 1149 2019 debet
1159 1942 1343 2018 duodecim

242 2088 410 2150 nummos,
431 2059 570 2134 &dedit
586 2059 720 2132 sacriste
735 2064 868 2133 vineam
881 2087 997 2151 unam,
1009 2088 1113 2158 quam
1126 2084 1220 2133 tenet
1231 2062 1342 2133 Petro-

243 2179 319 2249 nilla
336 2204 416 2248 uxor
436 2179 516 2248 Petri
538 2176 667 2264 Borelli,
690 2182 724 2249 δι
741 2176 833 2248 dedit
848 2176 983 2251 sacristae
1003 2203 1082 2250 octo
1104 2176 1261 2251 denaios
1281 2202 1344 2249 an·-

243 2295 356 2364 nuales
372 2320 457 2389 quos
475 2291 579 2364 modo
604 2291 710 2365 reddit
734 2294 921 2391 Stephanus
945 2294 1082 2391 pascens
1108 2291 1286 2381 familiarit,
1309 2296 1345 2365 ἃ

242 2432 358 2479 caetera
372 2406 461 2478 bona
478 2432 553 2502 quae
570 2404 661 2478 dedit
678 2409 786 2478 Priori.
810 2406 888 2479 Hoc
910 2406 1128 2481 laudaverunt
1143 2404 1204 2479 filii
1217 2410 1254 2479 δι
1269 2404 1345 2479 filia

247 2524 321 2594 suae.

295 2640 404 2729 l-lujus
433 2637 513 2710 doni
544 2636 638 2710 testes
665 2638 757 2709 lirnr:
786 2639 852 2736 ipse
882 2642 967 2713 Prior
990 2638 1155 2711 ainardus
1175 2642 1236 2737 qui
1258 2662 1346 2713 tem·

245 2777 324 2847 pore
337 2752 393 2822 illo
407 2751 617 2850 gubernabat
634 2752 721 2823 hanc
733 2751 893 2843 domurn,
908 2758 943 2827 δι
956 2752 1138 2825 Bernardus
1158 2750 1267 2827 modo
1289 2754 1346 2851 qui

248 2890 327 2937 tunc
345 2890 414 2937 erat
430 2868 516 2937 Prior
532 2869 564 2936 in
583 2865 726 2954 Ordine,
747 2868 939 2939 &loannes
954 2866 1059 2956 Sobo,
1074 2872 1110 2940 ἃ
1123 2869 1234 2941 Petnts
1247 2866 1345 2941 saeri-

247 2982 316 3071 sta,
340 2988 374 3055 &
397 2987 506 3055 Petrus
523 2984 734 3080 capellanus,
759 2989 794 3056 dt
809 2984 1004 3056 Vuillelmus
1025 2984 1067 3056 de
1087 2984 1294 3075 Versatotio,
1312 2989 1348 3058 δι

248 3101 357 3170 Petrus
369 3098 496 3187 soccus,
510 3104 544 3169 ἃ
555 3100 659 3197 Hugo
672 3100 840 3189 Motellus,
850 3105 1011 3174 &omnes
1020 3100 1180 3174 monachi
1191 3102 1251 3198 qui
1266 3125 1345 3174 tunc

249 3211 293 3283 ibi
312 3211 505 3299 manebant,
522 3218 555 3284 ὅ(
571 3215 722 3302 Paretius,
748 3217 783 3284 δ(
805 3213 990 3289 ludovicus
1010 3216 1103 3287 miles
1123 3218 1184 3313 qui
1199 3214 1347 3289 habebat

247 3327 347 3397 liliam
364 3326 454 3396 suam
471 3329 504 3396 in
523 3354 672 3415 uxorem,
690 3332 724 3398 ὅ(
744 3329 851 3427 Hugo
864 3327 905 3400 de
925 3328 1130 3418 Castello,&
1145 3330 1345 3403 Vuillelmus

247 3441 332 3511 silius
350 3449 432 3532 ejus.

295 3577 330 3652 4.
356 3558 466 3628 Sciant
479 3582 547 3628 tam
560 3558 733 3655 presentes
749 3585 852 3655 quam
867 3559 967 3631 futuri
985 3559 1092 3658 quod,
1113 3586 1266 3658 tempore
1282 3558 1345 3632 do-

250 3676 330 3743 mini
347 3671 479 3743 Rodulfi
501 3675 611 3744 Prioris
632 3673 673 3744 de
692 3677 856 3763 Domina,
878 3674 939 3746 suit
958 3674 1096 3772 quidam
1110 3702 1193 3773 puer
1210 3678 1348 3749 nomine

251 3791 358 3859 l’etrus
368 3788 529 3859 Malianus
542 3788 626 3859 silius
637 3791 718 3859 Petri
727 3790 903 3861 Maliani&
912 3790 1024 3863 Oddae
1037 3794 1144 3864 uxoris
1154 3790 1234 3879 suas,
1245 3816 1349 3889 quem

248 3903 316 3998 ipsa
332 3901 472 3973 reddidit
482 3900 556 3999 post
573 3928 714 3974 mortem
729 3907 787 3977 viri
804 3906 850 3976 sui
866 3907 942 3977 huic
959 3902 1157 3978 monasterio
1170 3904 1214 3977 ad
1226 3932 1349 3979 mona-

250 4018 351 4087 chum
369 4016 570 4108 faciendum,
591 4018 746 4090 laudante
759 4021 1028 4093 &consentiente
1049 4025 1167 4093 marito
1179 4022 1240 4093 suo
1251 4022 1350 4094 Vuil·

251 4134 350 4203 lelmo
369 4132 506 4224 Chalia,
522 4138 556 4205 δι
572 4133 782 4208 laudantibus
800 4137 872 4208 liliis
890 4137 952 4209 suis
972 4136 1119 4209 Oddone
1133 4140 1168 4209 &
1186 4138 1347 4227 Marrino,
