3150 5174
528 492 760 584 Cartulare
781 490 835 583 de
857 495 1058 584 Domina.
1253 528 1327 613 24¹

300 762 378 809 100.
401 736 578 810 Umbertus
592 736 634 807 de‘
647 762 714 808 uno
732 736 847 808 curt‘do
865 735 965 807 debet
977 763 1118 832 quatuor
1130 737 1337 830 denarios,&

248 851 331 925 misit
347 852 486 925 domino
507 852 648 925 Arberto
670 855 765 925 Priori
777 856 811 924 in
826 851 1053 925 vadimonium
1076 857 1227 926 curtilum
1244 859 1337 928 suum

246 974 304 1067 qui
315 970 361 1043 est
370 970 461 1068 apud
478 970 634 1041 Sanctum
652 971 851 1069 Georgium,
867 997 925 1067 per
945 969 1061 1042 decem
1078 972 1208 1063 solidos,
1228 974 1338 1047 domi-

247 1111 357 1181 noque
383 1086 552 1182 Stephano
577 1088 673 1156 Priori
695 1083 864 1176 vendidit,
887 1090 922 1156 δι
946 1085 1060 1156 habuit
1083 1085 1126 1158 ab
1151 1091 1198 1160 eis
1223 1094 1338 1188 viginti

245 1204 367 1271 &octo
383 1198 522 1288 solidos3
533 1201 672 1294 suntque
689 1201 723 1268 in
740 1202 785 1270 eis
802 1197 870 1269 duo
887 1199 1018 1287 cellarii,
1036 1227 1119 1272 unus
1133 1201 1178 1274 est
1193 1201 1337 1277 dominae

247 1314 367 1386 Clara.
1019 1299 1021 1306 i

293 1432 406 1528 Vuigo
420 1428 521 1501 debet
537 1429 578 1500 de
592 1428 695 1501 domo
712 1429 767 1500 sua
783 1430 836 1500 sex
853 1428 1016 1501 denarios.

293 1548 449 1645 Otgerius
467 1545 568 1617 debet
576 1545 618 1616 de
630 1572 698 1617 uno
707 1546 822 1616 curtilo
836 1543 1028 1634 duodecim,
1045 1549 1079 1618 ὅ(
1092 1545 1134 1617 de
1147 1548 1211 1620 alio
1221 1552 1337 1623 curtilo

245 1668 302 1762 qui
314 1663 360 1736 esi
375 1673 465 1757 juxta
482 1662 714 1735 monasterium
727 1687 881 1759 quatuor,
897 1668 931 1734 ὅ(
942 1661 983 1733 de
1000 1662 1102 1735 altero
1119 1669 1174 1760 qui
1191 1664 1237 1738 est
1249 1676 1338 1759 juxta

183 1830 188 1839 ·
245 1776 416 1850 boscatum
432 1780 485 1848 sex
502 1776 654 1847 denarios
670 1779 822 1845 &unum
839 1775 1014 1846 sometum.

294 1890 514 1986 Maynoardus
534 1889 635 1962 debet
652 1887 693 1959 de
711 1887 814 1960 domo
832 1889 887 1960 sua
904 1887 1021 1960 decem
1039 1888 1200 1963 denarios.

292 2008 485 2078 Vuiilelmus
502 2004 543 2076 de
557 2031 624 2076 uno
641 2004 756 2075 curtilo
773 2001 949 2075 duodecim
967 2003 1128 2076 denarios.

293 2121 490 2195 Teotbertus
507 2119 608 2192 debet
624 2119 665 2191 de
683 2118 787 2191 domo
804 2121 860 2190 sua
871 2118 1050 2191 duodecim
1068 2119 1231 2211 denarios,
1249 2130 1283 2195 ἃ
1296 2124 1337 2196 de

243 2236 651 2326 curtilodecem,&unum
663 2234 1027 2330 sometum,&quatuor
1038 2233 1188 2307 denarios
1205 2263 1337 2336 propter

242 2352 379 2425 seudum
391 2351 432 2422 de
446 2353 565 2422 Sancta
581 2351 682 2420 Maria
697 2353 731 2420 in
747 2351 858 2421 Ramis
873 2350 1066 2421 Paimarum.

292 2466 531 2540 Constantinus
549 2464 650 2537 debet
667 2464 707 2536 de
725 2464 828 2538 domo
845 2466 900 2536 sua
917 2466 969 2536 sex
986 2466 1146 2539 denarios.

290 2584 492 2658 Goolbertus
507 2583 664 2681 presbiter
682 2582 782 2655 debet
798 2582 880 2653 duos
893 2584 1014 2655 caseos.

290 2701 479 2773 Lambertus
488 2726 548 2796 pro
557 2699 659 2771 domo
672 2700 728 2770 sua
738 2704 772 2771 ὃ(
782 2726 842 2796 pto
852 2700 966 2770 curtiio
976 2698 1076 2771 debet
1084 2726 1162 2773 octo
1172 2700 1333 2792 denarios,

241 2824 276 2890 ὅ(
291 2819 437 2915 Paganus
452 2814 608 2912 presbiter
624 2817 659 2883 in
675 2812 842 2886 festivitate
862 2813 964 2884 sancti
981 2815 1120 2914 Georgii
1137 2841 1215 2888 octo
1233 2815 1335 2888 dena-

240 2939 336 3005 riatas
352 2931 393 3002 de
409 2930 559 3028 piscibus.
702 2950 705 2957 ’

288 3047 437 3120 Andreas
459 3043 635 3117 Rainaldus
653 3044 752 3117 debet
769 3073 827 3143 pro
842 3044 944 3117 domo
957 3046 1012 3117 sua
1029 3071 1107 3118 octo
1121 3045 1281 3119 denarios.

295 3187 354 3235 101
366 3220 372 3232 .
390 3164 537 3260 Paganus
554 3160 595 3231 de
609 3160 737 3232 cellario
751 3162 808 3233 suo
821 3185 898 3232 octo
912 3159 1071 3232 denarios.

185 3269 189 3278 ¹
289 3280 448 3376 Otgerius
466 3275 506 3347 de
524 3276 653 3347 cellario
666 3277 723 3347 suo
740 3274 928 3347 duodecim.

290 3389 470 3464 Richardus
484 3415 562 3462 octo
576 3389 735 3462 denarios.

289 3511 407 3606 Drogo
424 3505 581 3603 presbiter
599 3504 698 3576 debet
714 3505 766 3577 sex
782 3503 964 3576 denariatas
982 3503 1022 3574 de
1040 3503 1179 3602 piscibus
1194 3509 1228 3577 in
1249 3505 1334 3578 festi-

237 3632 336 3701 vitate
354 3626 454 3696 sancti
471 3623 651 3695 Benedicti.

288 3738 467 3812 Bernardus
483 3740 624 3824 Vanitus
638 3736 737 3808 debet
755 3738 807 3807 sex
821 3736 983 3809 denarios.

288 3855 352 3924 filii
371 3850 583 3924 Constantini
600 3849 723 3921 debent
744 3852 807 3922 hoc
824 3852 1005 3923 servitium:
1028 3852 1211 3948 Stephanus
1226 3852 1333 3925 unde-

237 3974 303 4042 cim
328 3967 494 4054 denarios,
522 3966 690 4039 Tebaldus
709 3965 881 4054 undecim,
900 3965 1061 4038 Rodulfus
1075 3965 1329 4061 septemdecim,

237 4093 271 4158 &
291 4111 394 4155 unum
408 4085 580 4155 sometum.

1146 4196 1234 4268 ro·
