3150 5174
241 590 298 682 88
517 589 750 683 Cartulare
770 589 826 683 de
847 593 1051 683 Domina.

647 773 760 779 —-.---
1005 773 1067 779 -..—
1083 771 1220 778 ..ψ-*-
1232 772 1327 778 η...-

240 839 366 907 nuatim
383 833 533 907 redderet
549 834 739 932 supradictis
759 836 930 907 monachis
954 836 1007 907 sex
1027 832 1171 908 sestarios
1191 835 1276 925 salis,
1296 839 1331 907 &

242 980 300 1049 per
315 952 506 1025 vendemias
524 978 628 1023 unum
644 950 770 1023 asinum
783 979 841 1049 per
858 976 967 1024 totum
979 951 1082 1043 diem,
1093 949 1332 1024 &srvoluerint

240 1070 334 1140 suum
350 1067 539 1140 cannabem
556 1068 681 1140 battere
698 1067 797 1139 faciat
814 1066 881 1139 stne
898 1066 1063 1157 mercede,
1082 1071 1117 1139 ἃ
1134 1066 1332 1140 stvoluerint

240 1183 298 1255 filii
310 1185 356 1255 sui
368 1212 409 1256 eo
423 1210 536 1256 tenore
554 1209 664 1255 tenere
682 1210 750 1279 quo
763 1208 856 1280 pater
864 1211 980 1256 eorum
993 1187 1112 1274 tenuit,
1133 1209 1282 1273 teneant3
1296 1187 1331 1255 ἂ

241 1299 322 1371 dent
333 1328 393 1398 pro
411 1303 594 1373 mutatione
607 1299 691 1372 duos
703 1297 847 1372 sestarios
857 1300 939 1372 salis.

290 1416 323 1486 S.
339 1415 526 1504 Gualberti‚
548 1415 678 1487 Ricardi
693 1419 728 1487 ἃ
741 1415 928 1506 (malberti,
949 1415 1112 1487 Rainaldi.

243 1732 1332 1784 ὣῶὢῶὢῶὢῷὢῶῶὣὣὣῶὣῶὢῶὣῶὢῶὢῶὢῶὢῶὣὣῶθῶὣῶὢῶὢθῶ

534 2106 593 2182 99.
612 2090 704 2156 Curru
721 2091 872 2156 Remurdi
888 2091 926 2155 de
942 2092 1040 2156 vinea.

258 2384 289 2441 f
367 2380 399 2449 'i
425 2365 1336 2466 UIDAMhomonomineAndreasaccepitafratribus

281 2390 374 2643 Q
424 2482 466 2553 de
484 2478 681 2555 monasterio
690 2481 731 2554 de
742 2486 890 2555 Domina
898 2509 1026 2581 partem
1038 2482 1220 2582 quamdam
1229 2509 1333 2575 terrae,

254 2384 403 2683 ios.
424 2599 457 2668 in
478 2624 544 2693 qua
561 2599 693 2669 vineam
702 2599 864 2694 plantavit
879 2598 922 2671 ad
935 2599 1082 2671 medium
1099 2601 1263 2697 plantum,
1279 2601 1337 2697 qui

257 2644 273 2673 Ἀ

245 2740 323 2784 cum
336 2712 379 2784 ad
391 2710 521 2784 obitum
539 2712 731 2807 perveuiffet
751 2737 901 2808 quartam
922 2739 1049 2811 partem
1066 2712 1211 2806 ejusdem
1230 2716 1335 2786 vineae

246 2827 408 2926 praedictis
424 2825 598 2898 monachis
618 2828 760 2924 reliquit,
786 2853 826 2898 ea
841 2826 994 2900 videlicet
1010 2831 1149 2916 ratione,
1167 2852 1202 2899 ut
1219 2825 1337 2900 fififius

246 2952 316 3037 ejus
338 2969 413 3014 eam
430 2940 587 3014 redimere
603 2942 713 3030 vestet,
736 2943 780 3013 illi
806 2943 966 3015 affensum
989 2943 1208 3040 praebuiffent.
1233 2942 1338 3039 Qod

245 3062 290 3128 ita
303 3056 428 3128 factum
444 3054 507 3146 est3
523 3082 602 3128 nam
614 3055 698 3127 filius
714 3063 783 3148 ejus
799 3059 935 3128 nomine
953 3055 1134 3129 Bernardus
1148 3082 1223 3128 eam
1236 3083 1335 3154 quar-

246 3203 314 3248 tam
331 3198 457 3273 partem
475 3202 495 3245 a
508 3174 648 3272 praefatis
666 3175 839 3246 monachis
852 3199 995 3270 quatuor
1007 3175 1116 3248 solidis
1130 3174 1268 3248 redemit
1281 3177 1336 3248 tali

247 3294 373 3362 ratione
394 3316 430 3360 ut
444 3288 518 3387 post
535 3288 664 3362 obitum
681 3289 787 3379 suum,
802 3293 838 3361 ὅ(
849 3289 939 3361 suam
952 3315 1104 3386 quartam
1120 3317 1222 3388 quam
1239 3316 1338 3362 antea

248 3404 446 3505 possidebat,
461 3408 495 3475 ὅ(
508 3405 606 3476 aliam
624 3429 775 3502 quartam
794 3430 920 3502 partem
938 3432 1040 3503 quam
1052 3405 1247 3496 redemerat,
1261 3407 1353 3478 Deo·
1417 3404 1418 3408 ¹

247 3524 282 3592 δι
299 3522 410 3592 sancto
433 3522 524 3591 Petro
547 3523 582 3591 &
600 3517 762 3616 pradictis
788 3519 960 3591 monachis
984 3546 1044 3616 pro
1065 3522 1185 3593 animae
1204 3521 1267 3592 suae
1287 3547 1339 3592 re·

248 3636 441 3733 demptione
454 3634 608 3707 dimittat.
