3150 5174
527 569 759 662 Cartulare
781 568 835 661 de
858 573 1059 662 Domina.
1285 606 1335 695 25

243 923 1335 976 6*&dddddthfflddfflffldfflfflddvhdbddhdhdhhfflhdwdsph

589 1230 645 1279 21.
665 1215 756 1281 Carra
770 1217 807 1282 de
822 1215 996 1304 Camsauro.

309 1504 366 1585 Ἃ
393 1559 396 1565 ,
425 1478 520 1550 NUS
533 1477 663 1547 mansus
675 1475 775 1548 debet
787 1504 925 1575 porcum
939 1504 1128 1549 unumcum
1141 1479 1271 1551 duobus
1284 1482 1335 1553 so-

253 1654 271 1677 „
390 1610 402 1657 π’
424 1592 507 1686 iidis,
522 1599 557 1665 ὅ(
570 1597 705 1666 alterum
719 1594 760 1666 de
781 1595 958 1667 duodecim
974 1595 1113 1667 denariis
1129 1600 1163 1667 ὅ(
1183 1598 1335 1668 ultimum

271 1721 288 1781 ἓ
328 1734 355 1755 ¹·
387 1700 404 1782 fs
424 1709 465 1780 de
483 1708 584 1781 tribus
604 1709 711 1782 solidis
731 1715 765 1782 ὅ(
787 1700 971 1782 multonem
992 1710 1161 1782 denarium
1174 1715 1228 1804 (1)
1241 1735 1332 1800 octo,

241 1829 281 1895 &
298 1825 445 1923 agnellos
455 1823 538 1895 duos
550 1850 610 1921 pto
622 1848 768 1920 recepto,
784 1849 922 1921 excepto
933 1851 974 1896 eo
987 1823 1154 1897 conducto
1167 1852 1268 1921 quem
1281 1823 1338 1895 de-'

243 1938 329 2011 derit
340 1943 509 2038 recipienti
521 1966 578 2015 eos
590 1942 625 2009 ἃ
638 1966 698 2036 pro
714 1940 783 2036 ipso
795 1965 928 2037 recepto
949 1967 1026 2012 cum
1040 1941 1089 2011 his
1101 1939 1231 2012 duobus
1243 1944 1335 2039 agnis

244 2083 310 2128 tres
326 2060 476 2156 panes&
489 2060 639 2154 provino
661 2080 723 2127 tres
736 2055 896 2128 denarios.
912 2056 966 2128 Ad
978 2059 1094 2129 Natale
1109 2060 1246 2129 Domini
1258 2058 1336 2128 alte-

242 2201 319 2245 rum
331 2199 499 2271 receptum
512 2173 553 2244 de
566 2197 706 2269 quatuor
718 2172 873 2245 membris
885 2172 927 2244 de
940 2200 1050 2264 carne,
1063 2177 1097 2244 δι
1110 2173 1151 2244 de
1165 2172 1264 2245 tribus
1276 2174 1336 2245 de-

243 2294 344 2362 nariis
361 2317 421 2386 pro
433 2292 524 2377 vin0‚
539 2293 573 2360 ὅ(
591 2288 633 2359 de
651 2288 751 2361 tribus
763 2289 902 2386 panibus
917 2294 951 2361 δι
964 2291 1133 2362 sextarium
1150 2290 1263 2361 hordei
1275 2317 1335 2388 pro

244 2405 448 2478 cavallatico.
463 2405 499 2474 Et
510 2402 614 2474 oblias
626 2403 672 2477 de
684 2402 813 2475 duobus
825 2403 993 2494 membris,
1007 2409 1041 2476 ὅ(
1054 2403 1184 2475 duobus
1196 2404 1336 2501 panibus

244 2519 289 2591 de
306 2543 447 2616 quatuor
458 2516 596 2588 denariis
608 2522 642 2588 ὅ(
659 2517 700 2588 de
718 2518 851 2589 sextano
864 2516 990 2606 hordei,
1010 2516 1098 2590 &de
1120 2519 1168 2589 his
1181 2518 1335 2591 omnibus

245 2636 335 2708 bene
351 2638 493 2733 recipere
511 2634 616 2731 ipsum
633 2634 788 2705 villanum
806 2660 862 2705 aut
883 2635 975 2704 suum
988 2635 1194 2722 missaticum,
1210 2639 1267 2730 qui
1278 2633 1335 2707 ifla

242 2753 450 2826 conduxerit.
466 2754 607 2822 intrante
620 2748 879 2850 Qadragesrma
893 2777 1058 2849 caponem
1067 2757 1213 2823 unum&
1223 2756 1335 2823 omnia

242 2871 381 2943 censura
400 2867 589 2940 conducant
608 2895 668 2965 pro
682 2869 847 2938 saumana.
865 2870 948 2939 Haec
962 2869 1035 2939 sunt
1048 2893 1123 2963 quae
1138 2867 1334 2966 perdonavi-

241 3014 319 3058 mus
339 2984 382 3057 de
399 3010 532 3055 annona
552 2984 593 3055 de
610 2981 792 3055 castellania
811 2989 845 3056 ὅ(
866 2985 997 3081 gaulta,'
1013 2989 1047 3055 ὅ(
1070 2984 1170 3081 golda
1189 2987 1243 3078 (2)
1260 2985 1336 3057 foris

240 3126 374 3172 terram.

198 3382 199 3387 ¹
275 3359 313 3423 (r)
325 3361 371 3406 Pro
380 3353 538 3405 denariorum.
810 3355 838 3406 de
856 3355 992 3420 castellania
1012 3355 1140 3417 &buuhtn
1158 3359 1180 3407 fr
1197 3355 1335 3424 bordusenn

277 3447 314 3509 (a)
327 3446 390 3492 Haee
404 3444 477 3492 verba
493 3440 576 3509 guuhu
587 3453 607 3491 at
622 3440 694 3509 goldo
711 3447 768 3492 mihi
810 3456 908 3496 renunc.
925 3448 959 3491 Αιι
977 3445 1077 3492 melius?
1093 3446 1152 3492 Htec
1172 3447 1244 3492 etiam
1261 3444 1336 3491 verba

238 3538 338 3600 prorsus
354 3535 535 3600 inintelligibilia
552 3536 611 3581 suut.
630 3536 691 3582 Alius
706 3536 767 3599 legi:
810 3535 899 3581 millum
915 3536 973 3580 nuhi
986 3533 1100 3581 exhibent
1112 3533 1211 3580 sensum.
