3150 5174
462 554 471 607 ι
483 554 542 641 70
728 521 960 613 Cartulare
980 518 1036 613 de
1058 522 1263 613 Domina.

452 766 617 840 mortisera
626 769 795 865 contagia,
810 768 865 837 sua
878 770 1018 865 gratuita
1033 768 1088 857 (2)
1104 768 1225 863 pietate
1242 790 1423 863 opponere
1436 766 1552 867 digna

452 906 502 951 tus
510 878 801 978 ellptaeceptorum
813 881 943 951 suorum
956 878 1114 951 salutifera
1125 876 1369 969 medicamina,
1381 882 1554 977 interque

451 998 504 1091 pie
517 999 551 1066 &
564 995 808 1067 misericorditer
828 1021 890 1066 nos
906 992 1067 1065 admonet
1078 1017 1114 1064 ut
1125 1016 1277 1090 peccata,
1287 988 1359 1065 stne
1368 992 1496 1091 quibus
1505 996 1553 1067 vi·

450 1136 523 1180 vere
533 1135 600 1181 non
610 1110 791 1207 possumus,
799 1106 1001 1180 eleemosinis
1013 1106 1307 1181 redimamus&de
1316 1108 1555 1209 temporalium

452 1252 557 1297 rerum
574 1226 745 1324 largitione
765 1223 860 1296 nobis
880 1227 1005 1296 amicos
1020 1223 1179 1296 faciamus
1196 1250 1216 1294 a
1232 1223 1357 1321 quibus
1374 1228 1414 1296 in
1434 1248 1554 1299 aeterna

453 1341 661 1412 tabernacula
670 1342 873 1436 recipiamur
885 1337 1018 1431 Quibus
1027 1342 1197 1437 praeceptis
1208 1338 1408 1412 salutaribus
1419 1340 1554 1415 obtem·

451 1484 563 1553 perare
583 1460 732 1553 cupiens,
754 1483 820 1555 ego
845 1456 976 1527 Pontius
998 1455 1080 1527 filius
1097 1454 1233 1527 Ainardi
1256 1454 1301 1527 de
1320 1458 1493 1547 Domina,
1513 1454 1554 1529 ad

451 1598 668 1670 augmentum
685 1576 719 1642 ὅ(
736 1595 928 1670 perpetuam
945 1568 1176 1668 possessionem
1193 1568 1388 1643 monasterii
1414 1576 1452 1645 in
1472 1598 1555 1673 pra·

450 1686 528 1758 dicti
544 1687 697 1761 vocabuli
710 1690 786 1759 loco
803 1685 979 1759 constructi
991 1715 1051 1785 pro
1064 1689 1299 1785 peccaminum
1315 1714 1478 1762 meorum
1493 1688 1554 1763 ab·

451 1804 609 1876 solutione
634 1808 708 1902 (3),
736 1804 827 1876 dono
845 1807 996 1874 omnium
1013 1802 1180 1875 bonorum
1203 1803 1365 1901 largitori
1390 1808 1553 1903 omnipo-

452 1926 532 1992 tenti
558 1924 633 1994 Deo
649 1926 683 1993 ὅ(
704 1922 822 1993 sanctoe
845 1923 907 1992 Dei
930 1922 1093 1992 Genitrici
1116 1918 1298 2017 sanctisque
1323 1918 1555 2018 apostolorum

450 2038 649 2136 principibus
666 2041 757 2111 Petro
774 2042 808 2109 ἃ
826 2038 923 2110 Paulo
948 2061 1046 2133 atque
1063 2035 1240 2109 venerabili
1265 2034 1395 2109 Christi
1421 2044 1554 2133 martyri

451 2156 600 2253 Georgio
618 2182 678 2226 nec
697 2180 765 2226 non
783 2159 817 2225 ὅ(
830 2154 1000 2224 monachis
1018 2150 1251 2225 Cluniensrbus
1267 2155 1302 2223 in
1320 2152 1466 2251 prtesato
1483 2180 1554 2227 mo·

452 2267 588 2340 naslerio
609 2267 904 2357 commorantibus,
923 2266 966 2338 ad
992 2269 1156 2340 honorem
1173 2267 1295 2339 scilicet
1319 2266 1555 2342 Cluniacenfis

453 2382 613 2470 caenobii,
629 2382 751 2479 aliquid
765 2382 806 2453 de
826 2409 902 2454 meo
918 2381 1122 2454 haereditario
1139 2389 1221 2475 jure,
1234 2380 1555 2457 videlicetmansum

453 2525 555 2568 unum
572 2523 732 2596 magnum
745 2502 779 2569 &
792 2501 956 2594 optimum
974 2521 1082 2570 totum
1093 2524 1133 2568 ex
1150 2500 1279 2596 integro
1296 2521 1379 2567 cum
1396 2498 1555 2573 omnibus

452 2612 578 2708 quaead
593 2639 669 2683 eum
685 2615 851 2709 pertinent
864 2610 929 2683 stne
947 2612 1012 2682 ulla
1023 2616 1206 2684 retentione
1225 2609 1305 2682 srcut
1320 2637 1392 2710 ego
1403 2638 1555 2711 unquam

453 2728 568 2798 melius
586 2726 685 2797 habui
705 2730 738 2796 in
759 2728 947 2824 episcopatu
966 2726 1292 2822 Gratianopolitano‚
1314 2727 1352 2795 in
1370 2726 1460 2799 valle
1480 2754 1555 2827 quat

452 2867 587 2915 vocatur
602 2845 775 2941 Alvargus‚
795 2846 828 2913 in
843 2844 919 2914 loco
936 2847 993 2938 qui
1009 2842 1264 2914 diciturVillaris
1278 2840 1502 2917 Presbiteralis
1514 2842 1554 2917 sr-

454 2984 537 3048 tum,
558 2985 657 3055 quem
678 2958 799 3029 excolit
820 2958 922 3028 homo
940 2960 1075 3028 nomine
1093 2957 1292 3028 Gerlannus.

503 3073 605 3143 Dono
626 3097 737 3142 autern
755 3070 874 3142 eodem
899 3070 1003 3142 modo
1024 3071 1248 3142 casamentum
1266 3068 1408 3141 rimoldi
1424 3070 1468 3143 de
1486 3074 1554 3145 'l'e-

455 3185 543 3259 desro
560 3186 651 3284 quod
668 3185 713 3257 est
737 3185 832 3258 sttum
848 3190 931 3257 inter
949 3185 1117 3258 ecclesiam
1135 3192 1169 3259 ὅ(
1187 3190 1302 3259 rivum.
1326 3186 1426 3259 facio
1441 3214 1553 3261 autem

455 3305 517 3375 hoc
535 3304 661 3376 donum
678 3331 738 3401 pro
755 3306 853 3376 salute
873 3331 948 3374 mea
960 3309 1064 3401 &pro
1080 3304 1201 3376 vuadio
1215 3301 1368 3399 quemad
1378 3304 1487 3377 linem
1497 3306 1553 3379 da-

456 3444 542 3490 turus
559 3421 641 3509 sum,
662 3443 698 3489 ut
714 3445 924 3515 quacumque
946 3443 1050 3489 morte
1067 3442 1314 3516 praeoccupatus
1330 3416 1495 3518 deinceps
1510 3420 1551 3493 de

456 3537 515 3605 hat
534 3537 600 3605 vita
614 3532 678 3604 stne
691 3534 812 3605 vuadio
826 3538 859 3605 ὅ(
873 3531 1075 3605 consessione
1096 3559 1166 3605 non
1179 3558 1305 3604 exeam.
1324 3532 1421 3605 facio
1437 3536 1550 3633 itaque

454 3655 488 3722 &
505 3677 565 3747 pto
582 3647 727 3720 remedio
745 3652 864 3720 animae
881 3652 978 3745 patris
996 3652 1060 3719 mei
1078 3652 1112 3719 ἃ
1130 3650 1241 3719 matris
1257 3672 1340 3718 meae
1352 3647 1408 3718 seu
1424 3652 1461 3721 ἃ
1478 3676 1551 3723 om·

456 3772 547 3837 nium
561 3768 820 3861 propinquorum
838 3790 985 3835 meorum
995 3766 1144 3835 vivorum
1162 3762 1224 3836 srve
1241 3787 1449 3836 mortuorum
1460 3791 1501 3838 ut
1515 3769 1547 3837 in

456 3879 602 3974 praesenti
618 3879 881 3970 omnipotentem
901 3879 1011 3948 Deum
1036 3879 1069 3946 in
1095 3876 1250 3947 omnibus
1270 3899 1496 3972 protectorem
1515 3881 1548 3949 δι

457 3992 625 4065 custodem
640 3991 794 4081 habeam,
809 3997 843 4063 ἃ
860 3996 893 4062 Ιιιι
908 3992 1015 4064 futuro
1033 3991 1074 4064 ab
1091 3992 1160 4089 ipso
1180 4018 1299 4065 aeterna
1315 3995 1450 4089 praemia
1464 4019 1548 4066 con-

456 4112 542 4202 sequi
562 4132 696 4178 mercat.
719 4111 838 4178 Amen.
