3150 5174
264 554 346 673 256
535 550 767 642 Castulare
788 548 843 642 de
865 553 1067 642 Domina.

256 797 291 864 &
307 792 480 863 dimidium
497 798 532 865 ἃ
553 817 616 864 tres
635 795 736 865 cartul
752 793 794 865 de
812 796 885 865 civa
897 790 938 863 de
952 794 1115 866 cavalluo
1128 798 1164 866 ἃ
1176 792 1350 865 tuschiam.

255 908 449 979 Vuillclmus
462 909 575 980 Bascat
585 907 702 982 decem
716 907 868 981 denarios
884 914 920 982 δι
935 936 1041 981 unum
1053 906 1211 981 carmide
1223 910 1299 981 civa
1311 907 1354 979 de

255 1024 420 1097 cavaliazo
436 1028 471 1095 ἃ
488 1024 654 1096 taschiam.
677 1026 873 1098 Nantelmus
894 1027 1039 1099 Bonarot
1056 1023 1177 1097 decem
1196 1022 1355 1099 denario

254 1144 289 1211 &
306 1166 409 1209 unum
427 1141 527 1211 cartal
543 1138 584 1211 de
602 1143 675 1214 civa
692 1139 734 1211 de
751 1142 915 1213 cavaliazo
935 1145 970 1212 dt
990 1140 1159 1213 taschiam.
1185 1141 1265 1213 filia
1283 1140 1355 1213 Sue-

253 1256 354 1352 phani
371 1261 540 1327 Antuman
558 1256 675 1329 decem
693 1255 897 1331 denarios&
914 1284 1019 1329 unum
1034 1256 1137 1329 castel
1152 1254 1197 1329 de
1218 1260 1295 1331 civa
1310 1254 1354 1329 de

254 1371 417 1441 cavallazo
433 1374 468 1441 ἃ
485 1370 652 1442 taschiam.

300 1485 335 1559 6.
357 1488 410 1557 De
427 1487 457 1556 la
475 1484 624 1557 borderia
638 1484 679 1557 de
696 1486 862 1559 LesAies:
878 1488 1022 1559 ioannes
1034 1485 1155 1584 'sephu
1165 1482 1353 1558 duodecim

251 1601 452 1674 denarios&
469 1629 570 1673 unam
594 1604 751 1701 gallinam
767 1630 788 1675 a
806 1604 1058 1676 Carementran.
1076 1604 1114 1674 in
1129 1601 1238 1676 domo
1253 1602 1354 1675 vuil-

251 1718 340 1789 lelmi
361 1718 442 1816 Regi
461 1744 602 1813 quatuor
623 1717 775 1790 denarios
787 1723 823 1791 &
835 1744 940 1789 unum
954 1742 1133 1816 caponem.
1147 1719 1261 1789 Petrus
1270 1716 1355 1789 val-

250 1833 312 1903 iins
337 1857 415 1905 octo
440 1832 650 1905 denarios&
676 1831 760 1905 duos
784 1859 942 1931 capones.
971 1832 1021 1905 isti
1047 1831 1117 1905 duo
1142 1831 1273 1907 debent
1301 1856 1352 1905 ta·

251 1946 385 2018 schiam.

296 2064 397 2132 Aimo
415 2058 514 2131 faber
529 2084 670 2156 quatuor
687 2060 807 2133 solidos
823 2066 858 2133 dt
873 2062 954 2134 alios
970 2084 1123 2159 quatuor.

296 2178 405 2247 Petrus
419 2178 595 2247 Durannus
607 2175 649 2249 de
666 2177 767 2248 Villar
780 2177 886 2250 Boson
904 2176 1022 2249 decem
1033 2181 1068 2249 δι
1080 2200 1162 2249 octo
1174 2174 1346 2249 denarios.

296 2290 339 2360 La
365 2314 445 2361 terra
470 2291 580 2361 Johan
605 2287 729 2361 Castan
755 2315 819 2362 tres
844 2289 963 2363 solidos
978 2294 1014 2364 δι
1034 2288 1155 2378 dimei,
1173 2294 1212 2364 dt
1227 2290 1280 2363 lat
1295 2316 1348 2365 te-

247 2406 333 2496 chi(
357 2410 384 2498 ).

295 2544 329 2611 7.
355 2522 391 2590 in
408 2522 589 2592 cimiterio:
616 2523 723 2592 Petrus
741 2521 857 2617 Capus
871 2519 1048 2593 duodecim
1064 2517 1232 2593 denarios.
1246 2520 1349 2595 Con—

243 2634 402 2707 stantinus
412 2638 498 2707 Picet
510 2634 686 2707 duodecim
700 2634 861 2709 denarios.
875 2638 980 2707 Oiant
989 2640 1043 2730 (2)
1052 2636 1207 2734 Delpunt
1216 2634 1348 2711 duode-

244 2753 310 2821 cim
322 2750 472 2822 denarios
489 2749 620 2823 &duos
642 2749 761 2823 solidos
773 2750 815 2822 de
831 2753 969 2849 placito,
985 2750 1009 2823 fi
1024 2750 1109 2825 forte
1129 2754 1296 2843 evenerit,
1310 2756 1346 2825 ἀ

247 2889 308 2935 tres
324 2865 435 2937 caseos
453 2864 495 2935 de
517 2862 647 2936 duobus
664 2863 771 2936 soiidis
783 2864 825 2936 de
842 2867 962 2963 pretio.
986 2865 1018 2939 N
1024 2920 1162 2937 .........
1182 2864 1349 2962 presbiter

244 3005 384 3077 quatuor
409 2981 518 3052 caseos
543 2979 584 3052 de
610 2980 740 3053 duobus
762 2980 869 3054 solidis
890 2983 997 3080 pretii,
1016 2986 1051 3053 dt
1067 3006 1146 3055 octo
1172 2980 1343 3058 denarios.

207 3192 211 3197 1
246 3096 330 3168 Boso
346 3097 523 3167 Mantanus
540 3097 591 3166 sex
604 3094 764 3167 denarios.
783 3099 818 3167 ln
836 3094 940 3169 domo
954 3096 996 3168 de
1016 3098 1143 3168 Pourno
1159 3095 1346 3171 duodecim

244 3210 407 3284 denarios.
430 3213 464 3281 in
482 3211 620 3308 prandio
639 3210 733 3307 quod
753 3211 873 3283 domus
897 3211 940 3284 de
959 3214 1107 3286 Domina
1126 3210 1233 3285 debet
1255 3214 1345 3287 Gra-

244 3325 415 3424 tianopoii,
431 3325 532 3397 debet
548 3326 707 3423 presbiter
722 3326 764 3399 de
782 3326 879 3401 Tefio
892 3352 1044 3424 quartam
1060 3351 1212 3425 partem,
1231 3334 1271 3403 &
1283 3329 1347 3405 do-

242 3466 315 3510 mus
328 3438 370 3510 de
384 3441 530 3510 Domina
551 3444 678 3512 tertiam
698 3445 871 3538 partemin
885 3440 1055 3515 festivitate
1068 3443 1239 3515 Omnium
1258 3444 1345 3517 San·

242 3578 392 3643 morum,
414 3557 449 3624 ἃ
466 3552 602 3650 ipsemet
625 3554 781 3652 presbiter
802 3555 903 3629 debet
928 3559 1045 3656 viginti
1060 3555 1145 3629 duos
1162 3556 1293 3633 solidos
1309 3563 1344 3633 in

243 3671 467 3741 Purificatione
493 3669 611 3741 sanctae
637 3673 756 3744 Mariae.
782 3672 975 3744 Vuillelmus
991 3673 1105 3745 Bascat
1126 3696 1209 3746 octo
1235 3673 1346 3751 dena·

241 3790 303 3859 rios
319 3786 361 3859 de
379 3810 461 3857 terra
478 3790 512 3857 &
530 3783 571 3856 de
588 3811 682 3882 prato
699 3812 774 3882 quae
790 3786 864 3857 sunt
880 3814 900 3857 a
918 3787 977 3859 Les
993 3788 1085 3858 Aies.

275 3980 310 4042 (ι)
327 3981 362 4027 Sic
377 3981 399 4026 iu
414 3992 471 4025 mss.
491 3979 545 4025 Hoc
560 3978 600 4025 fibi
616 3978 678 4025 vult:
695 3982 765 4028 Terra
802 3980 838 4027 vei
852 3978 941 4046 tuscha,
955 3980 1010 4027 vide
1023 3982 1046 4027 in
1061 3980 1191 4029 Gioiiario.

238 4064 353 4115 iohannis
372 4064 482 4127 Costuuci
497 4068 600 4132 (debet)
621 4080 663 4115 tres
674 4064 766 4133 solidos
837 4070 873 4133 (a)
895 4072 931 4117 Sic
948 4071 971 4115 in
987 4082 1044 4116 mss.
1064 4068 1125 4117 Malu
1146 4068 1223 4119 lectio
1245 4075 1345 4123 viderur

240 4151 408 4217 &dimidium
426 4152 497 4203 &ios
516 4152 614 4203 rachio.
635 4158 672 4203 Do
688 4153 766 4204 rachio
802 4157 858 4203 effi».
