3150 5174
768 564 805 630 ll

246 825 456 898 EXTRAIT
473 826 559 897 DES
579 826 788 899 CHARTES
810 827 1087 900 ORIGINALES
1105 828 1166 900 DE
1185 829 1337 903 CLUNY

425 1023 653 1080 consuevisse
678 1037 713 1079 us
736 1025 962 1090 ninurornuoun
986 1023 1161 1082 rupimus.

302 1441 433 1526 Carta
453 1435 623 1557 liudulfi
645 1441 857 1525 demenso
880 1441 923 1522 in
947 1440 1047 1527 uilio
1075 1444 1284 1527 Meriana.

290 1646 329 1709 ln
350 1650 479 1711 nomine
497 1646 597 1712 Verbi
611 1652 796 1725 incarnati,
816 1648 1089 1738 noverintjideles
1105 1656 1229 1727 cuncti,
1249 1653 1340 1740 quod

246 1782 308 1847 ego
322 1759 480 1849 Roduisus
493 1760 579 1825 dono
589 1761 655 1826 Deo
668 1776 699 1827 et
709 1763 996 1854 sanetisapestolis
1008 1767 1078 1853 ejus
1088 1764 1182 1830 Petro
1195 1779 1226 1829 et
1234 1765 1338 1833 Panlo

241 1887 279 1942 et
290 1875 338 1938 aet
351 1874 455 1940 iocum
469 1876 669 1955 elariacum,
681 1876 738 1942 ubi
746 1879 902 1969 prodesse
919 1884 1026 1968 magis
1037 1904 1134 1969 quam
1147 1904 1277 1970 preesse
1293 1885 1339 1947 vi·

246 1991 343 2056 detur
359 1991 553 2055 Domuusae
564 1997 836 2061 reverentissimus
850 1993 960 2071 odito,
979 1994 1097 2071 abbas,
1115 2019 1157 2059 eu
1167 1994 1260 2061 rebus
1275 2020 1338 2085 pa-

247 2120 340 2171 terno
352 2105 452 2170 michi
467 2106 606 2197 adjectis
619 2105 680 2191 (l),
694 2132 793 2173 uuum
805 2109 955 2174 videlieet
966 2134 1115 2175 mansum
1128 2114 1160 2173 iu
1178 2115 1337 2178 territurio

247 2218 618 2311 Gratianopolitanensi,
631 2225 665 2284 iu
674 2222 751 2287 villa
759 2221 915 2289 vocabulo
927 2225 1093 2303 Moriere,
1110 2251 1181 2291 eum
1189 2226 1336 2292 omnibus

244 2359 307 2420 que
316 2336 365 2400 ad
374 2340 478 2427 ipsum
491 2341 637 2427 aspicere
649 2340 808 2416 videntur,
828 2352 927 2404 totum
939 2341 988 2405 od
1002 2344 1162 2430 integrum
1177 2347 1337 2431 quesitum

244 2464 276 2514 et
292 2451 341 2515 ad
353 2452 592 2539 inquirendum,
604 2478 699 2543 quem
713 2478 773 2543 ego
786 2468 890 2520 teneo.
903 2456 995 2519 Hanc
1005 2459 1104 2544 igitur
1115 2458 1336 2547 eartamfatio

245 2568 318 2652 (sie)
326 2590 388 2655 pro
406 2572 516 2631 anime
530 2593 612 2647 mee„
628 2573 738 2634 artiore
753 2593 881 2660 quoque
895 2575 1001 2646 patris
1012 2575 1077 2634 mei
1088 2596 1129 2636 ac
1139 2576 1252 2636 matris
1267 2596 1336 2638 mee

244 2685 388 2747 omm'um
398 2706 460 2770 que
467 2697 640 2771 parentum
653 2708 797 2749 meorum
814 2685 970 2761 remedio,
983 2698 1018 2750 ut
1027 2690 1172 2750 omnium
1181 2685 1335 2753 Dominus

244 2797 406 2861 concedat
416 2798 647 2887 perpetualiter
668 2823 727 2864 nos
748 2799 895 2888 gaudere
912 2803 946 2862 in
963 2824 1020 2864 suo
1037 2823 1151 2889 regno.

287 2910 425 3000 Signum
455 2913 583 3002 liudulfi
610 2919 667 3002 qui
696 2914 781 2979 Itane
808 2927 933 2978 cartam
953 2913 1038 3002 fieri
1062 2930 1093 2978 et
1112 2914 1254 3002 firmare
1284 2941 1335 2982 ro-

240 3032 343 3114 gavit.

276 3312 316 3375 (1)
335 3307 446 3359 Bodotte
456 3306 490 3367 u,
505 3307 567 3374 pere
580 3306 698 3357 d'Ainnrd
712 3305 757 3365 Ι“,
773 3304 911 3357 sonduteur
921 3306 956 3357 du
971 3307 1075 3357 Prieurt
1085 3306 1117 3357 de
1131 3305 1258 3368 Domene,
1273 3309 1336 3359 etati

242 3400 311 3448 utors
319 3397 443 3462 seigneur
452 3396 488 3446 du
500 3395 607 3447 ehtteuu
618 3402 645 3446 et
657 3395 692 3446 du
702 3395 833 3446 territoire
843 3393 875 3446 de
887 3393 1002 3446 Domine
1014 3410 1045 3445 en
1057 3401 1131 3446 vertu
1147 3394 1179 3446 de
1193 3396 1216 3445 ta
1230 3410 1336 3448 eonces-

241 3487 298 3538 sion
308 3488 372 3536 faite
384 3486 397 3534 t
411 3499 457 3535 son
472 3484 546 3552 pere,
562 3483 669 3534 Rodotte
685 3482 729 3544 1⁶¹,
746 3499 778 3534 en
788 3484 850 3543 960,
867 3497 914 3548 pur
927 3481 1009 3541 lsarn,
1027 3483 1126 3550 eroque
1143 3483 1174 3533 de
1192 3481 1333 3543 Grenobte.

241 3573 322 3642 (Voir
334 3577 361 3624 ln
375 3576 458 3623 charte
476 3576 509 3623 47
527 3575 560 3623 du
576 3573 765 3645 Curtulnirepie
782 3575 850 3621 seint
866 3571 979 3637 Hupues,
1001 3574 1063 3621 eitie
1081 3571 1095 3619 ὰ
1114 3575 1140 3620 ta
1152 3590 1214 3638 pape
1231 3576 1283 3624 378
1304 3575 1334 3622 de

239 3681 311 3722 notre
326 3668 508 3728 Cortttinirwi
520 3670 623 3718 l'urtiete
635 3668 670 3720 LA
684 3669 764 3721 Cocus
777 3668 809 3718 de
823 3666 948 3719 l'lNDEX
960 3666 1129 3728 LOCORUM,
1145 3677 1169 3717 et
1182 3671 1208 3717 ln
1222 3678 1277 3717 note
1290 3685 1334 3716 sur

236 3764 274 3810 tes
288 3762 350 3809 trois
364 3757 468 3825 liodolfe
478 3760 508 3807 de
517 3760 542 3807 ln
554 3760 648 3806 maison
657 3759 687 3807 de
703 3756 885 3820 Momeynaro
901 3774 943 3821 pp.
955 3758 1069 3808 tut-tuo
1085 3758 1118 3806 du
1129 3757 1203 3805 moine
1219 3754 1332 3823 remit.)

239 3849 288 3914 Or,
304 3850 460 3910 Murianette
474 3847 613 3915 dependerit
631 3847 662 3897 de
681 3848 704 3897 ta
723 3847 868 3913 seigneurie
886 3846 918 3897 de
932 3845 1049 3898 Domine
1067 3849 1080 3896 u
1100 3852 1167 3897 cette
1180 3846 1292 3912 tuoque,
1306 3853 1333 3897 et

238 3941 286 3992 tait
295 3955 392 3991 encore
401 3936 567 4005 aujourd'hui
580 3938 662 4004 partie
672 3936 704 3988 de
717 3953 746 3988 ee
756 3935 879 3988 chef-lieu
888 3937 920 3988 de
930 3944 1041 3998 cuntem
1054 3937 1071 3987 il
1083 3936 1186 3987 devient
1197 3936 1264 3988 done
1278 3937 1332 3987 evi·

237 4029 368 4095 dentque
383 4026 407 4076 le
420 4023 528 4077 Rodolie
538 4024 603 4075 dont
617 4024 634 4074 it
645 4030 686 4075 est
699 4025 730 4075 ici
749 4024 870 4091 question
884 4039 917 4094 ne
929 4030 992 4092 peut
1004 4024 1060 4075 etro
1076 4039 1110 4074 uu
1125 4028 1200 4073 entre
1213 4038 1264 4090 que
1279 4021 1331 4073 no-

236 4115 310 4169 dolte
323 4113 359 4175 11,
372 4128 472 4165 comme
481 4127 547 4164 nous
559 4110 676 4165 l'uffirme
691 4110 726 4163 Μ.
744 4111 776 4163 de
794 4111 959 4164 Terrebusse.

1012 4201 1058 4252 Cte
1069 4199 1114 4251 Ch.
1127 4201 1159 4251 de
1173 4203 1205 4250 Μ.
