3150 5174
513 537 743 628 Cattulare
766 535 821 627 de
844 539 1046 626 Domina.
1245 535 1325 653 187

237 780 322 850 hanc
334 779 436 874 ipsam
443 777 676 849 cabannariam
684 805 761 849 cum
769 779 832 850 alio
843 804 913 850 toto
924 779 1049 850 honore
1058 804 1157 873 quem
1165 781 1200 848 in
1209 779 1325 849 Savoia

237 891 382 963 habebat
398 919 458 988 pro
471 896 580 963 anima
593 894 648 963 sua
664 892 709 964 ad
726 895 817 963 suum
830 893 944 982 finem,
959 896 993 963 in
1011 893 1186 990 conspectu
1200 891 1326 964 domini

237 1009 392 1105 Hugonis
399 1009 542 1104 episcopi
555 1010 589 1079 ὅ(
602 1006 729 1079 domini
738 1008 904 1105 Guigonis
915 1010 1056 1095 comitis,
1074 1004 1269 1078 monasterio
1282 1006 1323 1076 de

240 1125 388 1194 Domina
404 1127 530 1221 integre
543 1149 621 1193 cum
632 1124 693 1193 suis
707 1122 861 1195 omnibus
878 1125 1079 1219 pertinentiis
1096 1121 1241 1195 donavit.
1256 1120 1327 1194 Post

238 1247 329 1330 cujus
337 1238 467 1310 obitum
478 1265 556 1309 cum
565 1239 737 1310 Rolannus
751 1240 933 1311 monachus
941 1238 1119 1309 cellerarius
1129 1237 1169 1308 de
1180 1239 1327 1309 Domina

237 1357 272 1423 in
281 1355 395 1424 Savoia
404 1354 495 1441 esset,
508 1351 706 1450 supradictus
714 1353 907 1423 Vuilleimus
915 1352 956 1425 de
966 1351 1150 1449 Aquabella
1161 1353 1226 1424 hoc
1235 1351 1326 1447 quod

238 1469 357 1541 habere
366 1468 577 1541 videbaturin
586 1468 947 1565 praedictacabannaria
956 1471 998 1556 ei,
1009 1470 1043 1538 in
1052 1469 1219 1565 praesentia
1228 1472 1328 1538 Ame-

239 1583 293 1654 dei
309 1584 465 1654 monachi
481 1582 523 1653 de
541 1585 634 1655 Bono
651 1583 773 1654 Vilario
789 1587 824 1654 δι
838 1583 947 1654 Riserii
959 1587 994 1654 ὅ(
1006 1583 1064 1653 filii
1074 1583 1120 1653 sui
1137 1584 1217 1653 Petri
1229 1607 1326 1677 atque

239 1705 390 1798 conjugis
408 1701 471 1770 suae
488 1700 561 1772 fih'ae
578 1699 747 1771 Adalberti
764 1726 898 1796 quoque
914 1700 1094 1798 presbiteri,
1115 1699 1262 1771 &fratris
1282 1700 1327 1769 sui

241 1811 409 1901 Christini,
419 1812 950 1886 donavit&laudavitmonasterio
960 1814 1001 1885 de
1011 1816 1159 1885 Domina
1165 1812 1327 1911 persidem

241 1931 275 2000 ὅ(
292 1925 359 1998 stne
378 1928 469 2016 dolo,
489 1933 534 1999 ita
555 1954 591 2000 ut
607 1928 762 2026 deinceps
788 1956 894 2025 neque
918 1930 970 2000 ille
993 1956 1100 2025 neque
1125 1933 1328 2028 propinquus

240 2049 310 2132 ejus
327 2042 450 2137 aliquid
470 2046 504 2112 in
521 2070 562 2114 eo
580 2047 722 2139 requirat
739 2045 791 2115 vel
814 2046 1013 2115 calumniam
1031 2049 1169 2143 ingerat.
1186 2042 1325 2138 Qodsr

239 2156 345 2228 facere
362 2158 608 2255 presumpserit,
621 2161 858 2256 omnipotentis
871 2162 936 2230 Dei
952 2163 1033 2231 iram
1042 2164 1195 2249 incurrat,
1216 2157 1272 2230 nist
1286 2158 1328 2229 ad

242 2268 511 2340 emendationem
533 2296 715 2369 congruam
733 2275 868 2343 venerit.

292 2384 446 2456 Laudavit
458 2389 556 2456 etiam
575 2387 638 2457 hoc
658 2385 784 2457 donum
797 2387 1328 2459 uxorVuillehniElizabeth&fiiii

241 2524 357 2568 eorum
365 2499 557 2569 Vuislelmus
569 2503 603 2569 ὅ(
613 2502 755 2572 Pontius.

291 2615 348 2685 Pro
361 2615 426 2686 hoc
444 2614 535 2686 dono
554 2614 669 2686 habuit
681 2615 853 2712 praedictus
869 2618 1062 2688 Vuillelmus
1075 2622 1191 2716 viginti
1209 2644 1328 2690 novem

240 2727 370 2800 solidos.

247 2944 1327 2998 &Md2&dmm-‘dddtbdbddfflspdb&spdddfflbffidbfflfflbdffidffl

366 3288 445 3364 213.
466 3275 556 3340 Curta
575 3275 702 3364 Rodusfi
720 3277 756 3341 de
777 3275 897 3369 Tedefio
911 3278 947 3342 de
960 3279 1075 3343 duobus
1091 3285 1206 3370 manfis.

247 3556 281 3593 κ
315 3535 400 3654 Lp
419 3534 493 3604 CO
516 3533 675 3604 Rodulsus
701 3536 791 3605 miles
810 3537 989 3632 appellatus
1014 3536 1055 3609 de
1072 3538 1210 3611 Tedesto
1228 3541 1329 3613 reddo
1450 3575 1454 3592 ·

316 3601 343 3634 Η

252 3690 261 3705 f
316 3622 392 3729 f<
404 3622 405 3699 i
419 3649 646 3744 memetipsum
658 3651 807 3721 Domino
818 3651 1061 3723 Deo&sanctis
1071 3652 1222 3748 apostolis
1240 3658 1330 3728 Petro

358 3661 381 3719 l

316 3710 400 3853 Μ
418 3767 452 3833 &
468 3764 563 3833 Paulo
577 3762 619 3833 ad
636 3761 865 3835 monasterium
883 3765 925 3836 de
944 3768 1103 3857 Domina,
1124 3773 1158 3839 ὃ(
1175 3773 1251 3865 quia
1263 3773 1328 3843 scio

244 3877 372 3949 obitum
386 3893 498 3948 meum
507 3880 782 3974 appropinquare,
792 3879 909 3952 devote
927 3882 1062 3979 suscipio
1072 3883 1221 3954 habitum
1232 3886 1330 3957 sancti

243 3992 409 4064 Benedicti
431 4020 491 4089 pro
516 3993 614 4062 salute
640 3995 758 4064 animae
782 4022 876 4085 mete,
900 3995 1058 4093 donoque
1080 3998 1237 4095 ptoedicto
1255 4028 1328 4073 mo-

245 4107 382 4180 nasterio
399 4108 481 4179 duos
500 4108 628 4179 mansos
642 4112 675 4178 ὅ(
688 4107 880 4182 dimidium:
909 4136 1014 4183 totum
1030 4113 1181 4186 videlicet
1196 4116 1329 4189 alodum
