3150 5174
224 662 226 665 .
247 548 299 638 54
518 462 748 614 Cattulitre
769 520 824 615 de
847 525 1049 615 Domina.

241 765 329 832 mine
338 787 415 832 cum
429 762 604 859 nepotibus
614 765 675 836 suis
683 763 774 836 dedit
780 791 842 836 tres
852 765 1001 837 denarios
1014 792 1097 861 quos
1106 766 1138 836 in
1149 763 1330 862 supradicta

242 902 322 948 tetra
338 878 481 950 habebat
497 884 717 978 omnipotenti
734 884 810 954 Deo
826 888 860 954 &
877 883 989 955 sancto
1008 885 1098 954 Petro
1116 881 1158 953 ad
1174 881 1331 954 eumdem

240 993 483 1066 monasterium.

290 1112 321 1180 S.
342 1112 507 1183 Vuillelmi
523 1112 689 1210 presbiteri
708 1115 748 1186 de
768 1118 924 1186 Domina.

242 1389 1327 1443 θῶῶὣῶὢῶὣᾶὢῶὣῶὣῶὢῶὢῶὣῶὢῶὡῶὣῶὣῶὢῶὣῶὢῶῶὢῶὣῶὢ

244 1729 299 1807 54.
330 1717 420 1784 Carra
439 1720 588 1808 Richardi
608 1722 689 1788 Boni
698 1720 769 1811 filii
789 1725 825 1788 de
846 1724 937 1812 Jaira
958 1725 995 1788 de
1020 1723 1134 1789 duobus
1143 1719 1337 1811 sextariis&

612 1836 740 1903 dimidio
755 1838 792 1903 de
797 1832 964 1926 frumario.

256 2082 565 2154 ἰ
591 2080 628 2152 srt
660 2081 813 2154 omnibus
845 2082 1033 2155 hominibus
1061 2081 1153 2179 quod
1181 2084 1265 2154 Prior
1292 2081 1336 2153 de

247 2187 263 2280 J:
280 2169 304 2265 i
337 2170 371 2273 ἶ
386 2164 401 2271 2³
416 2199 562 2269 Domina
579 2197 732 2270 dominus
762 2200 866 2297 Hugo
891 2225 969 2269 cum
989 2199 1056 2269 aliis
1073 2196 1221 2268 fratribus
1243 2195 1337 2268 dedit
1377 2285 1380 2288 ἦ

247 2310 263 2337 ”·
274 2302 326 2401 ᾗ,
339 2355 362 2379 ι
387 2321 401 2401 {i
416 2311 547 2384 cuidam
571 2313 697 2383 homini
722 2316 856 2385 nomine
882 2310 1044 2384 Richardo
1065 2311 1145 2382 duas
1161 2307 1336 2383 sestaradas

242 2429 283 2500 de
302 2452 382 2499 terra
399 2427 488 2525 apud
504 2427 626 2498 Jai'ram
643 2426 795 2519 castrum,
807 2453 846 2498 ea
856 2430 1076 2498 conventione
1091 2450 1127 2496 ut
1143 2428 1235 2497 omni
1244 2449 1336 2497 anno

241 2547 357 2615 invita
377 2544 432 2613 sua
449 2540 562 2613 reddat
587 2541 629 2613 ad
644 2539 875 2613 monasterium
898 2540 940 2611 de
961 2543 1108 2613 Domina
1123 2566 1183 2638 pro
1208 2539 1337 2612 servitio

243 2657 326 2729 duos
344 2655 485 2729 sestarios
503 2661 537 2728 &
553 2655 725 2728 dimidium
750 2655 790 2726 de
816 2658 945 2753 optimo
966 2655 1131 2726 frumento
1148 2653 1234 2725 bene
1251 2678 1337 2726 van-

243 2807 332 2852 nato.
355 2781 391 2851 Et
407 2781 471 2851 hoc
485 2778 611 2851 donum
628 2779 774 2851 fecerunt
790 2783 820 2850 ei
837 2803 964 2850 tantum
981 2781 1014 2849 in
1032 2782 1097 2849 vita
1112 2776 1258 2871 ejusdem
1275 2776 1336 2848 Ri-

241 2891 392 3079 'Chssiiiis
410 3006 469 3076 fuit
485 3004 666 3077 Vuicardus
683 3003 837 3102 presbiter
855 3030 957 3100 nepos
975 3011 1053 3096 ejus.

244 3273 1335 3327 ᾢῶὢῶῶὣῶὣῷῶῶὢῶὢῶὣῶὢῶὣθὢῶὣώἂῶὣῶᾱῶᾣῶῶῶὣῶὣῶῶὢ

455 3606 472 3681 5
480 3605 496 3683 5
506 3646 511 3657 .
533 3592 623 3659 Carta
642 3593 679 3657 de
696 3594 781 3657 vinea
793 3616 849 3683 per
866 3593 993 3659 medium
1008 3595 1119 3659 virtum.

262 3875 393 3982 ΗΝ*
418 3869 649 3941 CIENDUM
666 3867 712 3940 est
728 3869 820 3965 quod
835 3869 923 3941 idem
940 3873 1023 3942 Prior
1040 3872 1159 3943 scilicet
1180 3870 1339 3946 dominus

250 3940 302 4081 r>
350 3952 397 4125 κζ
420 3986 521 4082 Hugo
550 3982 683 4056 donavit
712 3986 843 4057 cuidam
870 3987 995 4056 homini
1024 3986 1164 4058 Giratdo
1197 3993 1338 4063 nomine

255 4050 332 4176 {Ji
364 4128 400 4193 fig
419 4125 518 4170 unam
534 4103 663 4173 vincam
681 4100 769 4198 apud
784 4102 906 4172 Ja'iram
923 4127 980 4197 per
998 4101 1142 4173 medium
1156 4105 1282 4176 vinum.
