3150 5174
529 522 759 615 Castulare
782 523 835 615 de
858 529 1060 617 Domina.
1255 560 1330 650 25¹

250 768 412 842 denarios.
433 767 514 842 Odo
532 767 726 841 Bertrandus
746 769 829 841 duos
847 770 1009 844 denarios.
1031 773 1232 869 Capellanus
1253 773 1338 845 duo-

250 883 358 957 decim
370 885 522 958 denarios
535 885 576 957 de
591 883 739 982 quodam
751 885 852 958 feudo
865 914 966 983 quem
980 886 1070 958 dedit
1077 888 1158 960 Odo
1172 886 1212 959 de
1224 888 1336 962 Revel.

249 1003 442 1100 Hungrinus
459 1003 553 1074 miles
570 1001 613 1073 ad
631 1000 880 1075 conversionem
896 1007 1032 1077 veniens
1045 1004 1134 1101 apud
1157 1008 1339 1078 Dominam

247 1120 387 1191 contulit
411 1147 512 1191 unam
532 1121 665 1193 vineam
684 1145 759 1215 quae
779 1123 928 1192 continet
954 1120 1035 1192 duas
1059 1122 1243 1210 fossarum,
1267 1123 1338 1193 lau-

250 1232 349 1304 dante
362 1234 431 1307 filio
443 1236 499 1306 suo
515 1239 548 1306 δι
567 1235 726 1331 Guigone
739 1231 861 1306 Alvifio
871 1232 911 1305 de
921 1243 1013 1327 cujus
1027 1233 1127 1308 feudo
1141 1235 1336 1307 habebatur.

302 1374 355 1421 10.
376 1352 412 1420 ln
430 1350 602 1447 parrochia
614 1350 741 1419 Sanctae
757 1349 868 1420 Mariae
880 1348 1041 1421 habemus
1055 1377 1159 1423 unum
1172 1351 1336 1438 mansum,

247 1469 305 1561 qui
317 1465 378 1536 fuit
390 1465 546 1537 Gotfredi
563 1464 604 1535 de
622 1466 807 1553 Moirenc0,
822 1490 924 1559 quem
941 1491 1056 1537 tenent
1077 1465 1183 1537 rustici
1203 1465 1247 1537 ad
1268 1494 1339 1537 me-

246 1582 417 1671 dietatem,
429 1568 468 1655 ⁸&
480 1581 587 1654 reddit
598 1582 664 1653 hoc
678 1582 859 1653 servitium:
878 1584 985 1653 Petrus
1005 1583 1092 1655 sutor
1113 1581 1197 1655 duos
1217 1583 1339 1657 solidos

247 1703 281 1770 ὅ(
304 1702 450 1793 quinque
476 1696 628 1768 denarios
648 1723 708 1793 pro
728 1694 831 1768 domo
853 1697 907 1768 sua
929 1701 1043 1794 &pro
1065 1723 1187 1795 campo
1211 1701 1268 1793 qui
1293 1698 1339 1771 est

246 1814 341 1910 supra
355 1814 544 1912 virgultum.

294 1926 481 2026 Rostagnus
494 1928 591 1998 Saver
610 1932 645 1998 δ(
659 1926 717 1997 filii
732 1935 800 2020 ejus
817 1926 859 1998 de
880 1926 1029 2022 quodam
1048 1952 1142 2024 prato
1161 1926 1338 2000 duodecim

247 2044 412 2133 denarios,
428 2043 469 2114 de
491 2042 595 2116 domo
616 2045 672 2114 sua
685 2048 719 2115 ὅ(
732 2042 773 2114 de
792 2042 893 2114 herba
909 2070 1010 2140 quam
1029 2047 1197 2141 accipiunt
1214 2047 1248 2115 in
1270 2045 1339 2115 sali-

246 2184 321 2230 ceto
343 2157 520 2230 duodecim
541 2156 711 2245 denarios,
731 2156 773 2227 de
790 2155 938 2253 quodam
956 2158 1071 2229 curtilo
1088 2157 1214 2255 septem
1231 2155 1334 2229 dena-

245 2277 310 2345 rios
328 2278 362 2345 ὅ(
382 2273 538 2359 obolum,
558 2271 650 2345 &de
668 2272 733 2344 alio
751 2296 828 2345 octo
846 2272 997 2345 denarios
1014 2278 1048 2345 ὅ(
1065 2271 1215 2344 obolum.

299 2413 352 2458 11.
373 2387 454 2458 Odo
474 2386 616 2458 Badinus
634 2391 668 2458 ἃ
685 2386 796 2458 fratres
813 2395 883 2479 ejus
901 2386 942 2457 de
961 2384 1109 2482 quodam
1128 2386 1243 2458 curtilo
1257 2410 1336 2459 octo

245 2503 396 2575 denarios
414 2508 448 2575 ὃ(
466 2502 616 2574 obolum.

294 2619 453 2688 Martinus
467 2616 508 2686 de
527 2616 658 2686 saliceto
676 2617 837 2688 &fratres
855 2623 923 2707 ejus
945 2614 986 2685 de
1010 2614 1157 2711 quodam
1171 2615 1286 2687 curtilo
1303 2619 1336 2686 in

243 2763 312 2832 quo
327 2733 372 2805 est
390 2761 456 2804 una
468 2737 608 2832 grangia
621 2732 797 2804 duodecim
811 2732 962 2805 denarios
980 2736 1014 2804 ὅ(
1031 2760 1135 2803 unum
1153 2760 1332 2830 caponem,

242 2855 277 2921 δ(
291 2848 332 2919 de
346 2849 415 2919 aliis
437 2847 566 2919 duobus
579 2873 657 2920 octo
670 2848 836 2939 denarios,
851 2849 939 2921 &de
953 2849 1099 2946 quadam
1117 2853 1214 2922 vinea
1231 2879 1335 2923 unum

241 2966 387 3052 caseum,
407 2972 440 3035 dc
457 2964 556 3034 aliam
573 2989 664 3034 tenet
683 2963 725 3034 ad
743 2964 966 3036 medietatem.

292 3078 453 3151 Ceraldus
476 3081 617 3174 Upertus
630 3083 664 3149 ὅ(
679 3081 786 3151 Petrus
804 3104 967 3178 cognatus
987 3090 1057 3174 ejus
1077 3081 1256 3152 duodecim
1274 3082 1333 3153 de·
1415 3171 1417 3176 Ι

242 3198 350 3265 uarios
365 3199 400 3265 δ(
415 3221 518 3264 unum
532 3220 697 3289 caponem
710 3193 751 3264 de
764 3193 912 3289 quodam
930 3195 1157 3282 curti10‚&de
1171 3197 1235 3268 alio
1253 3222 1332 3268 octo

241 3310 407 3396 denarios,
429 3308 519 3381 &de
538 3307 682 3404 quadam
698 3313 794 3380 vinea
812 3336 915 3380 unum
935 3311 1076 3381 caseum.

291 3425 454 3497 Ceraldus
476 3428 619 3499 Urserius
632 3432 666 3498 δε
684 3429 828 3498 Joannes
849 3428 991 3500 Urserius
1012 3427 1053 3498 de
1075 3428 1220 3526 quadam
1237 3434 1333 3502 vinea

241 3571 306 3615 tres
320 3543 441 3613 caseos.

287 3657 396 3729 Adam
413 3657 453 3728 de
471 3656 617 3754 quadam
629 3660 726 3728 vinea
739 3656 821 3728 duos
835 3660 958 3746 caseos,
976 3663 1011 3729 δ(
1024 3682 1165 3754 quatuor
1176 3658 1329 3731 denarios

237 3775 278 3846 de
301 3772 447 3869 quadam
468 3776 607 3871 grangia
624 3798 726 3867 quam
743 3772 844 3844 habet
861 3776 893 3843 in
911 3774 1025 3845 manso
1043 3774 1172 3846 Giroldi
1196 3774 1326 3871 Eugeia.

294 3910 346 3957 12.
375 3889 410 3957 [t
434 3891 466 3957 in
492 3886 610 3958 eadem
634 3886 707 3958 villa
730 3885 889 3957 habemus
909 3888 1010 3958 alium
1027 3887 1174 3958 mansum
1194 3891 1250 3982 qui
1272 3888 1331 3958 fuit

237 4003 367 4076 Giroldi
382 4004 516 4100 Eugeia,
533 4008 567 4075 ὅ(
585 4000 625 4071 de
642 3999 696 4071 illo
715 4000 808 4072 datur
825 4004 889 4075 hoc
908 4003 1067 4075 servitium
1083 4035 1089 4069 ε
1105 4028 1163 4098 per
1179 4001 1331 4074 calendas

237 4146 380 4216 quatuor
401 4120 548 4191 membra
563 4118 603 4190 dc
618 4144 714 4189 came
726 4124 759 4191 ὅ(
773 4145 913 4214 quatuor
933 4146 1036 4215 panes
1050 4123 1083 4191 ὅ(
1099 4144 1159 4194 tres
1177 4118 1328 4191 denarios
