3150 5174
523 523 758 614 Cartulare
778 523 833 615 de
855 529 1056 617 Domina.
1254 562 1329 652 ¹73

243 773 302 863 tyri
320 770 363 841 ad
379 770 485 867 ipsum
502 768 733 841 monasterium
751 768 791 838 de
814 770 972 857 Domina,
996 768 1088 865 quod
1105 793 1196 866 pater
1219 797 1333 841 eorum

241 885 434 977 construxit,
458 885 610 959 videlicet
632 884 675 956 ad
694 884 879 982 profectum
904 885 1122 955 &honorem
1148 885 1333 957 Cluniensrs

241 1002 402 1092 coenobii,
419 1001 460 1073 de
479 1001 613 1074 ecclesra
625 1004 752 1073 Sanctae
771 1002 880 1074 Mariae
897 1001 938 1072 de
954 998 1095 1072 Tedesro
1110 1027 1211 1097 quam
1231 1027 1334 1073 totam

241 1146 281 1189 ex
297 1121 427 1218 integro
444 1117 618 1209 dederunt,
634 1117 715 1190 srcut
726 1145 873 1214 unquam
882 1119 997 1189 melius
1010 1117 1195 1189 habuerunt
1207 1143 1264 1189 aut
1276 1117 1334 1215 ipsr

241 1259 298 1304 aut
314 1236 394 1305 alius
410 1261 467 1331 per
479 1261 547 1305 eos.
563 1237 781 1312 Donaverunr
792 1231 933 1304 srmiiiter
945 1230 1150 1303 mansionem
1159 1234 1240 1303 Petn'
1249 1234 1333 1303 Mai-

241 1350 357 1423 noardi
374 1353 494 1447 quaein
506 1377 620 1423 eorum
635 1348 830 1448 poffeffione
843 1349 901 1421 srta
917 1375 986 1421 erat
1002 1358 1093 1443 juxta
1102 1348 1285 1439 ecclefiam,
1298 1354 1332 1421 ἃ

241 1491 349 1539 totum
365 1466 458 1563 quod
466 1470 599 1538 incurte
617 1468 672 1537 sua
687 1465 872 1563 poffidebat
885 1465 928 1538 ab
939 1470 997 1537 eis.
1015 1465 1116 1537 Dedit
1128 1469 1228 1537 etiam
1239 1464 1333 1537 simul

239 1580 404 1652 Ainardus
432 1579 637 1653 mansionem
663 1580 795 1652 Rodulfi
819 1609 896 1653 cum
925 1583 1041 1654 curtilo
1066 1586 1101 1653 ὅ(
1125 1580 1331 1654 mansionem

240 1695 374 1768 Aldrici.

291 1813 563 1882 feceruntautem
572 1813 636 1882 hoc
646 1809 772 1882 donum
781 1809 825 1881 ad
833 1808 1098 1883 sustentationem
1107 1810 1240 1882 fratrum
1250 1811 1332 1883 Clu-

240 1925 442 1998 niacensium
463 1926 552 2024 apud
577 1930 760 1999 Dominam
779 1930 813 1997 in
833 1925 1031 2000 monasterio
1053 1930 1331 1999 commorantium

238 2069 300 2139 pro
313 2043 413 2113 salute
426 2044 487 2137 sua
499 2047 534 2114 δε
546 2070 606 2140 pro
619 2048 851 2140 peccaminum
868 2045 999 2116 suorum
1011 2043 1251 2140 redemptione,
1268 2070 1330 2114 nec

239 2183 311 2228 non
320 2161 353 2228 δι
362 2184 421 2254 pro
434 2162 545 2254 requie
559 2161 743 2229 animarum
754 2161 852 2256 patris
865 2185 904 2230 ac
917 2161 1028 2229 marris
1042 2159 1174 2230 suorum
1188 2182 1329 2230 cuncto-

238 2301 378 2370 rumque
387 2275 518 2346 suorum
525 2278 799 2373 propinquorum.
817 2275 973 2349 Laudavit
986 2302 1063 2349 vero
1077 2274 1231 2348 dominus
1245 2278 1328 2347 Pon-

239 2391 302 2460 tius
319 2393 353 2460 ὅ(
371 2417 451 2461 uxor
463 2398 534 2483 ejus
550 2392 686 2462 Beatrix.
704 2390 930 2463 Laudaverunt
946 2390 1098 2463 dominus
1114 2390 1276 2462 Amardus
1293 2394 1328 2461 &

238 2532 320 2577 uxor
335 2515 405 2599 ejus
423 2509 571 2578 fecenna
583 2512 617 2579 ἃ
633 2508 716 2579 filius
733 2515 802 2600 ejus
819 2508 976 2579 Arbertus
989 2512 1024 2579 δε
1038 2507 1211 2579 Ainardus.

286 2620 398 2692 Testes
411 2623 484 2693 sunt
494 2604 619 2696 Alvisus
630 2624 721 2695 miles
734 2628 768 2695 ἃ
780 2625 974 2695 Vuiileimus
986 2622 1152 2719 presbiter.

241 2885 1325 2936 ῶῶὢῶὣῶὢίὲῶὣῷὢῶὣῶὢῶῶῷὢῆὣῷὣῶὢῶὣῶὢῶὢῶὣῶὢῶὢᾶῶὣ

390 3231 466 3326 196.
482 3235 507 3300 C
509 3257 573 3298 arro
585 3235 669 3298 Petri
683 3234 719 3298 de
732 3235 845 3297 decimo
855 3236 945 3298 uinea
959 3235 988 3297 in
1002 3232 1176 3323 odlavurgo.

267 3580 272 3589 .
375 3530 461 3617 {⁴51
477 3522 636 3593 CIANT
660 3522 724 3591 hoc
746 3545 862 3590 omnes
887 3523 963 3615 quia
994 3517 1129 3614 quidam
1154 3520 1244 3589 miles
1267 3544 1326 3587 no-

349 3668 353 3683 s
384 3593 462 3680 Ἢ
477 3641 565 3706 mine
575 3632 992 3733 PetrusAgarnushabebat
1003 3636 1036 3703 in
1046 3632 1203 3729 praedicto
1213 3633 1326 3702 manso

309 3744 337 3846 ζ
351 3762 461 3845 'j
476 3753 603 3824 domini
624 3753 727 3822 Pontii
752 3750 831 3821 duas
852 3774 958 3845 partes
983 3747 1023 3819 de
1049 3748 1179 3820 decimo
1201 3748 1268 3835 isso,
1291 3750 1325 3817 &

240 3900 342 3945 totam
356 3892 481 3969 partem
501 3870 542 3940 de
560 3868 690 3939 decimo
708 3870 812 3940 vineae
837 3865 963 3937 domini
984 3869 1088 3938 Pontii
1109 3869 1143 3936 in
1161 3865 1325 3960 Alavargo

238 3994 272 4058 ὅ(
289 3987 369 4058 duas
386 4013 491 4084 partes
505 3986 546 4056 de
560 3985 690 4055 decimo
707 3982 747 4053 de
761 3983 825 4053 hoc
839 3979 929 4076 quod
941 3983 1084 4052 Joannes
1096 4002 1324 4077 cognomento

239 4105 412 4200 Episcopus
434 4102 567 4175 tenebat
588 4100 628 4171 ab
651 4128 691 4170 eo
714 4103 746 4170 in
765 4099 839 4168 loco
855 4099 1074 4184 ferrariarum,
1099 4092 1189 4164 dedit
1206 4118 1324 4163 mona·
