3150 5174
247 493 299 614 36
517 492 748 585 Castulare
769 491 823 583 de
846 494 1048 584 Domina.

241 742 272 811 Si
280 765 403 827 autem,
415 736 506 834 quod
513 735 607 828 absrt,
623 738 738 833 aliquis
753 739 1013 833 propinquorum
1025 738 1077 811 vel
1084 763 1328 831 extraneorum,

242 859 305 928 hoc
315 881 397 927 meae
411 853 692 926 bonaevoluntatis
709 850 835 923 donum
849 850 1069 924 contradicere
1081 877 1138 925 aut
1149 857 1332 950 inquietare

239 968 471 1067 praesumpserit
487 970 624 1039 omnino
632 966 795 1039 vindicare
813 993 880 1038 non
894 969 999 1041 valeat
1011 967 1103 1064 quod
1118 971 1258 1066 petierit,
1275 969 1333 1041 sed

239 1086 473 1182 omnipotentis
497 1085 561 1154 Dei
577 1085 717 1153 incurrat
733 1086 825 1170 iram,
846 1080 903 1153 nisr
920 1085 1044 1154 venerit
1066 1081 1109 1153 ad
1125 1082 1331 1155 emendatio-

240 1227 317 1270 nem
334 1223 526 1296 congruam.

286 1316 317 1385 S.
334 1312 478 1384 dominae
493 1309 689 1384 Vualdradae
707 1309 825 1383 nobilis
838 1335 996 1383 matronae
1011 1336 1086 1408 quae
1102 1312 1188 1384 hanc
1206 1336 1332 1384 cartam

239 1433 305 1502 fieri
322 1428 418 1523 juffit.
433 1430 465 1500 S.
478 1430 661 1500 Jarentonis
677 1427 733 1499 filii
750 1428 806 1499 sui.
820 1429 852 1499 S.
865 1430 1042 1501 Alamanni
1058 1430 1114 1502 filii
1130 1431 1187 1501 sui.
1202 1431 1235 1501 S.
1248 1433 1332 1502 Arn-

243 1543 355 1616 blard'r.
376 1545 408 1614 S.
431 1542 617 1615 Humberti.

246 1834 1333 1887 ΜΦὣ«ἲν-2ὢῷὣῶῶῶὣῶὣῶῶῶὢῶὢῶὣῶὣῶὢῶῶὣῶὢῷὢῶῶῶὼὢῶὣ

264 2190 319 2268 32.
344 2174 370 2241 C
371 2197 435 2240 nrm
448 2173 547 2262 [sardi
559 2175 597 2239 de
607 2175 766 2266 Uornppin
777 2173 951 2242 &fecennoe
963 2179 1069 2243 marris
1081 2175 1193 2265 ejusde
1204 2173 1310 2264 manso

657 2289 693 2354 de
711 2289 900 2356 veiraviua.

729 2474 770 2535 (Β.
789 2476 837 2536 n.)

265 2760 271 2771 .
301 2753 309 2767 .
343 2713 416 2804 ᾖεν
431 2750 447 2767 .,
464 2700 609 2773 OTUM
623 2699 661 2773 srt
672 2700 1023 2774 omnibushomimbus
1040 2726 1107 2773 tam
1122 2700 1338 2798 presentibus

293 2809 309 2915 J
372 2905 383 2915 μ
402 2802 411 2816 s
432 2808 440 2889 Ῑ
464 2844 564 2913 quam
580 2816 693 2889 futuris
709 2816 801 2913 quod
812 2816 947 2889 domina
960 2819 1107 2889 fecenna
1120 2843 1200 2889 uxor
1207 2815 1339 2889 domini

389 2974 407 2999 ι
434 2946 448 2980 ’κ
465 2931 1340 3030 AinardifratrisdomimPontii‚donavitomnipotenti

240 3059 315 3128 Deo
332 3059 366 3125 ἅ
380 3054 495 3124 sanctis
511 3060 580 3145 ejus
597 3050 748 3149 apostolis
767 3053 858 3124 Petro
875 3058 909 3124 ἅ
927 3053 1024 3125 Paulo
1043 3052 1086 3124 ad
1098 3051 1337 3125 monasterium

239 3172 281 3243 de
294 3172 441 3242 Domina
457 3193 519 3238 nec
536 3193 606 3239 non
622 3171 657 3248 &
673 3169 844 3240 monachis
861 3166 1095 3241 Clunienfibus
1111 3166 1236 3240 ibidem
1255 3170 1337 3242 Deo

240 3282 471 3357 famulantibus
480 3282 630 3352 mansum
639 3308 743 3352 unum
755 3285 788 3352 in
797 3308 887 3382 pago
894 3280 1072 3354 Viennensr
1086 3290 1177 3376 juxta
1192 3279 1337 3355 castrum

242 3398 333 3498 quod
349 3397 677 3485 vocaturVeiravssla,
696 3400 753 3495 qui
769 3397 899 3469 mansus
912 3395 1205 3497 diciturGuigonis
1220 3397 1263 3469 de
1277 3399 1340 3472 Ρο-

242 3516 308 3588 dio.
331 3514 416 3584 Fecit
432 3536 543 3582 autem
560 3512 626 3583 hoc
650 3511 777 3585 donum
801 3538 862 3610 pro
882 3513 1108 3610 redemptione
1134 3516 1253 3585 animae
1269 3513 1338 3587 suae

243 3633 458 3724 omniumque
467 3631 727 3724 propinquorum
740 3629 870 3700 suorum
887 3629 942 3700 tali
951 3627 1155 3719 conditione,
1170 3651 1207 3699 ut
1222 3630 1257 3699 in
1268 3631 1340 3700 vita

244 3750 299 3819 sua
315 3748 405 3819 'rllum
421 3742 608 3842 poffideret,
627 3743 700 3841 post
716 3769 856 3817 mortem
870 3771 947 3818 vero
959 3752 1030 3838 ejus
1046 3742 1206 3841 predictis
1218 3769 1340 3816 mona-

245 3865 313 3935 chis
329 3860 371 3933 ad
387 3859 557 3958 praefatum
574 3857 805 3932 monasterium
818 3885 905 3933 totus
917 3887 957 3933 ex
972 3863 1103 3959 integro
1120 3857 1187 3931 fine
1204 3859 1271 3931 ulla
1282 3886 1341 3932 ca-

244 3980 379 4066 lumnia,
399 3980 434 4047 &
450 3972 518 4045 fine
534 3977 625 4045 omni
642 3978 773 4070 querela
788 4000 947 4072 perpetuo
970 4001 1161 4048 remaneret.
1190 3973 1339 4070 Qodsr

244 4097 356 4190 aliquis
372 4095 631 4189 propinquorum
647 4092 698 4163 vel
714 4117 940 4164 extraneorum
948 4091 1023 4163 huic
1037 4088 1241 4163 eleemosmae
1254 4116 1339 4162 con·
