3150 5174
255 549 335 633 242
525 515 756 607 Castulare
778 513 832 606 de
855 514 1058 605 Domina.

750 694 1055 703 ——--——-—-—
1072 694 1083 699 —
1104 694 1115 699 -

298 759 536 834 Constantinus
554 759 712 832 dedomo
725 763 760 831 ἃ
778 759 819 831 de
831 762 927 832 vinea
944 760 998 831 sua
1008 757 1125 830 decem
1142 762 1266 830 &octo
1278 756 1338 829 de-

248 880 370 966 narios,
386 881 420 948 &
432 876 473 948 de
486 879 601 948 curtilo
613 878 675 948 sex.

295 989 474 1062 Bernardus
491 987 657 1062 Bastardus
679 989 779 1061 debet
799 986 840 1058 de
863 987 994 1061 duobus
1015 989 1135 1060 curtilis
1159 984 1338 1059 duodecim

247 1103 408 1175 denarios.

293 1220 411 1291 Clarus
424 1218 525 1291 debet
536 1217 577 1290 de
590 1222 686 1291 vinea
700 1220 755 1289 sua
773 1217 950 1289 duodecim
967 1216 1127 1289 denarios.

293 1332 477 1405 Defiderius
494 1332 535 1403 de
553 1332 710 1404 tenedura
727 1334 782 1403 sua
798 1331 976 1404 duodecim
995 1331 1156 1405 denarios.

292 1452 477 1521 Pontonarii
492 1448 534 1519 de
544 1446 707 1519 teneduris
716 1448 776 1518 suis
789 1446 913 1518 debent
926 1448 978 1518 sex
989 1446 1151 1537 denarios,
1164 1452 1201 1520 δι
1210 1472 1272 1521 tres
1281 1474 1337 1547 pa·

244 1591 314 1653 nes,
328 1571 362 1637 &
374 1590 435 1636 tres
448 1561 590 1635 sestarios
603 1562 644 1634 de
655 1567 745 1651 vin0‚
762 1568 907 1635 &unam
919 1567 1078 1651 eminam,
1094 1567 1130 1636 δι
1147 1563 1267 1637 decem
1281 1563 1337 1636 de-

245 1683 383 1752 nariatas
400 1679 441 1750 de
459 1705 570 1768 came,
586 1683 620 1750 &
638 1677 721 1751 duos
734 1705 848 1775 panes.

297 1818 374 1868 102.
403 1794 581 1868 Umbertus
606 1793 747 1866 [ldulfus
769 1793 870 1866 debet
892 1793 933 1865 de
955 1794 1058 1867 domo
1078 1795 1134 1866 sua
1158 1792 1337 1869 duodecim

243 1912 408 2002 denarios,
425 1916 459 1984 ὅ(
476 1910 517 1982 de
536 1910 666 1982 duobus
683 1912 802 1982 curtilis
819 1910 1010 2001 duodecim,
1030 1914 1065 1983 ἃ
1079 1908 1120 1982 de
1138 1908 1337 1983 battenteiio

242 2052 394 2124 quatuor,
412 2031 447 2098 δ(
464 2024 505 2096 de
519 2027 615 2097 vinea
631 2050 705 2122 quae
728 2023 773 2096 est
791 2026 885 2122 super
898 2024 987 2096 lsarae
1007 2022 1133 2096 flumen
1155 2022 1336 2097 duodecim

243 2141 406 2231 denarios,
425 2146 459 2213 ὃ(
476 2167 533 2238 per
549 2140 685 2212 feudum
701 2139 829 2211 domini
844 2140 1012 2212 Vuillelmi
1034 2165 1136 2211 unam
1153 2166 1277 2213 coxam
1293 2138 1336 2211 de

243 2260 386 2328 vacca&
397 2255 481 2327 duos
491 2282 605 2353 panes.

293 2374 399 2442 Petrus
410 2371 512 2442 Rasca
527 2369 627 2442 debet
639 2396 740 2441 unam
754 2396 872 2442 coxam
887 2374 922 2442 ἃ
939 2395 1079 2466 quatuor
1091 2396 1207 2467 panes.

289 2487 484 2557 Vuillelmus
502 2484 657 2558 Artoldus
674 2484 775 2558 debet
791 2511 892 2556 uuam
909 2513 1027 2558 coxam
1040 2489 1075 2559 δι
1092 2484 1177 2558 duos
1191 2510 1309 2583 panes.

290 2601 469 2673 Bernardus
487 2600 673 2673 Landoldus
694 2600 810 2673 decem
828 2601 993 2692 denari08‚
1017 2605 1053 2674 δι
1074 2626 1136 2673 tres
1148 2605 1278 2675 eminas
1295 2601 1337 2674 de

240 2742 357 2806 avena,
376 2722 410 2788 &
423 2742 563 2813 quamor
578 2743 695 2813 panes,
714 2722 749 2788 δι
766 2743 870 2787 unum
887 2717 1058 2789 sextarium
1075 2715 1226 2790 devino.

290 2837 398 2906 Petrus
410 2833 578 2906 Tebaldus
595 2832 695 2905 debet
711 2833 889 2907 duodecim
904 2833 1053 2907 denarios
1063 2837 1098 2905 in
1111 2834 1250 2933 Campo
1266 2835 1338 2909 Ro-

243 2951 359 3023 tundo.

290 3070 437 3165 Paganus
450 3071 484 3137 &
498 3065 637 3137 Aroldus
653 3065 764 3137 fratres
782 3065 907 3137 debent
925 3065 967 3137 de
983 3067 1081 3138 vinea
1096 3066 1150 3137 sex
1166 3063 1332 3140 denarios.

289 3180 509 3252 Racoedulfus
532 3178 687 3276 presbiter
707 3182 740 3250 in
766 3178 933 3252 festivitate
954 3180 1056 3250 sancti
1080 3181 1161 3251 Petri
1178 3178 1283 3253 debet
1300 3184 1346 3253 in'

239 3298 411 3369 refectorio
439 3321 561 3393 panem
589 3301 624 3369 δι
644 3299 780 3385 vinum,
809 3300 844 3368 ἃ
864 3297 979 3394 pisces,
999 3300 1034 3368 ἃ
1051 3296 1264 3393 pulmentum
1293 3296 1335 3369 de

241 3412 409 3485 castaneis.

296 3547 373 3627 103.
395 3530 502 3598 Petrus
520 3525 702 3599 castaneus
720 3526 821 3598 debet
831 3527 873 3598 de
886 3525 989 3599 domo
1007 3528 1062 3599 sua
1080 3526 1262 3600 duodecim
1278 3529 1334 3602 de-

241 3646 361 3733 narios,
370 3646 404 3714 &
415 3641 456 3713 de
467 3670 534 3714 uno
547 3668 641 3740 prato
654 3643 744 3742 apud
754 3644 948 3715 Lanciacum
962 3642 1015 3714 sex
1027 3642 1333 3717 denarios&unum

239 3765 419 3848 sometum,
435 3758 523 3832 &de
540 3763 637 3832 vinea
653 3787 727 3857 quae
745 3758 791 3831 est
806 3768 898 3852 juxta
914 3759 1059 3830 clausum
1077 3757 1225 3832 nostrum
1246 3759 1332 3833 duo·

239 3881 348 3955 decim
365 3878 525 3950 denarios.
544 3879 621 3950 Hoc
635 3903 742 3949 totum
761 3878 924 3949 servitium
943 3876 1136 3974 deputatum
1148 3875 1197 3950 est
1210 3876 1256 3950 ad
1271 3904 1332 3950 au-

243 3998 446 4071 niversarium
460 3992 587 4067 domini
603 3996 681 4065 Petri
695 3990 829 4065 sacristae
840 3996 876 4063 in
891 3990 1059 4065 festivitate
1072 3992 1175 4064 sancti
1190 3990 1330 4081 Jacobi;

241 4116 275 4183 δι
292 4114 326 4181 in
344 4108 511 4182 festivitate
529 4108 630 4178 sancti
647 4107 778 4178 Martini
794 4107 847 4177 sex
865 4107 1015 4178 denarios
1033 4105 1074 4178 de
1091 4107 1209 4179 curtilo
1228 4133 1329 4204 quum
