3150 5174
245 549 299 606 20
517 515 747 606 Castulare
770 514 824 606 de
849 517 1050 606 Domina.

241 760 391 830 mansum
409 758 552 829 Cirberti
571 757 613 828 de
631 759 747 829 Monte
762 785 839 829 curn
858 757 1060 856 appendiciis
1077 759 1151 845 surs,
1170 759 1205 827 δε
1222 781 1336 829 totum

240 872 401 970 quidquid
412 873 453 944 de
466 899 520 944 me
539 877 686 962 tenet,&
699 874 843 944 clausum
861 900 974 944 meum
992 872 1033 944 de
1051 874 1211 944 Domina.
1228 873 1337 944 Dono

241 993 339 1060 ctiam
357 991 519 1059 honorem
537 987 578 1058 de
597 1014 666 1084 quo
683 988 828 1061 solebam
845 988 951 1060 sacere
964 988 1216 1059 anniversarium
1233 992 1337 1084 patris

242 1108 320 1193 mei,
346 1131 406 1202 pro
428 1130 496 1199 quo
521 1103 622 1176 debet
644 1103 850 1176 Humbertus
872 1103 1003 1174 Edulsus
1025 1129 1127 1175 unam
1151 1128 1272 1176 coxam
1292 1101 1337 1175 de

239 1246 339 1292 vacca
355 1223 390 1289 &
405 1217 487 1291 duos
500 1245 614 1316 panes,
627 1223 662 1291 δε
675 1220 740 1290 hoc
758 1218 836 1291 facit
850 1243 984 1315 propter
1000 1217 1211 1290 medietatem
1224 1222 1339 1314 campi

241 1335 283 1406 de
301 1335 469 1407 Misellaria
486 1337 553 1428 (2),
577 1338 611 1405 ὅ(
635 1360 768 1433 propter
791 1333 1004 1407 medietatem
1026 1336 1203 1406 casamenti
1220 1335 1276 1432 (3)
1293 1332 1338 1406 de

241 1451 377 1538 Molare,
398 1449 453 1522 ubi
475 1448 560 1522 stetit
575 1451 760 1522 Vualterius
784 1477 864 1522 avus
886 1458 969 1544 ejus.
990 1451 1027 1521 Et
1050 1449 1144 1523 dono
1168 1451 1338 1523 honorem

240 1593 339 1662 quern
371 1590 460 1637 tenet
484 1567 591 1637 Petrus
615 1565 755 1654 Rascha,
780 1567 899 1639 scilicet
923 1593 1082 1663 campum
1102 1570 1161 1663 qui
1181 1564 1228 1638 esl
1243 1574 1338 1658 juxta

240 1682 371 1751 vineam
397 1680 566 1751 Nantelmi
595 1681 759 1768 Torenci3
786 1682 821 1750 δε
841 1704 976 1777 propter
1000 1680 1065 1751 hoc
1098 1677 1198 1752 debet
1232 1705 1340 1752 unam

241 1820 359 1865 coxam
371 1797 405 1864 &
415 1819 556 1890 quatuor
563 1820 667 1891 panes
675 1796 744 1887 (4);
759 1794 936 1891 &insuper
951 1793 1044 1866 dono
1058 1795 1223 1866 honorem
1231 1820 1338 1891 quern

243 1934 332 1981 tenet
349 1910 544 1981 Vuillelrnus
557 1909 670 1982 nroldi
686 1909 836 1983 videlicet
856 1913 989 1982 vineam
1005 1909 1047 1982 de
1071 1910 1255 2007 Nesplario,
1275 1937 1340 2008 pro

242 2055 310 2124 quo
328 2026 428 2100 debet
449 2053 551 2098 unam
568 2054 688 2100 coxam
703 2026 837 2099 &duos
855 2053 970 2123 panes.
991 2028 1094 2099 Dono
1115 2029 1150 2097 δε
1171 2027 1341 2099 honorem

241 2169 302 2239 pro
319 2169 387 2238 quo
402 2142 581 2214 Bernardus
595 2142 780 2214 Landaldus
793 2141 894 2214 debet
904 2142 1022 2214 decem
1036 2141 1187 2214 denarios
1203 2145 1238 2214 ἀ
1255 2168 1341 2239 qua-

244 2285 316 2331 tuor
341 2286 457 2356 panes,
481 2263 515 2330 &
539 2286 643 2331 unum
668 2261 839 2331 sextarium
856 2258 898 2330 de
914 2262 995 2331 vino
1010 2261 1045 2329 δε
1065 2282 1126 2330 tres
1150 2261 1278 2330 eminas
1294 2256 1340 2330 de

242 2402 360 2464 avena,
379 2379 413 2446 &
430 2377 495 2447 hoc
518 2375 597 2448 sacit
614 2401 746 2474 propter
764 2379 891 2447 tertiam
919 2400 1047 2473 partem
1064 2373 1168 2446 mansi
1185 2373 1342 2447 Vuodal-

244 2491 344 2579 berti,
364 2489 457 2588 quod
469 2489 516 2562 ell
532 2490 649 2563 decem
666 2490 832 2565 sellaradae
842 2491 884 2563 de
899 2517 981 2564 terra
992 2495 1027 2564 ἀ
1040 2517 1104 2563 tres
1115 2489 1285 2564 sestaradae
1294 2490 1341 2564 de

242 2630 350 2703 prato,
369 2608 403 2675 &
422 2608 514 2676 tertia
529 2632 603 2703 pars
620 2605 814 2694 molendini,
829 2610 864 2676 &
876 2606 1206 2678 casamentumsuum
1218 2608 1289 2704 (5),
1303 2609 1342 2677 &

246 2726 337 2793 tertia
350 2748 424 2819 pars
437 2721 479 2792 de
493 2723 608 2813 insula,
620 2725 655 2793 &
667 2749 771 2793 unum
788 2723 968 2811 salicetum,
987 2727 1023 2796 δι
1036 2749 1104 2794 una
1119 2720 1280 2794 sestarada
1297 2721 1343 2795 de

244 2863 352 2936 prato,
370 2843 405 2909 &
423 2841 515 2910 tertia
531 2865 605 2936 pars
618 2842 729 2938 campi
741 2839 784 2911 ad
798 2844 923 2912 Petram
935 2841 1102 2912 Grolsam.
1123 2842 1226 2912 Dono
1236 2842 1344 2912 etiam

246 2975 353 3022 totum
366 2977 524 3049 campum
537 2953 595 3048 qui
614 2949 660 3023 ell
675 2960 765 3045 juxta
777 2955 909 3024 vineam
921 2952 1100 3023 Vualerufi.
1122 2954 1175 3023 De
1186 2952 1251 3024 hoc
1261 2953 1345 3026 volo

246 3093 281 3138 ut
293 3068 544 3138 anniversarium
556 3093 669 3138 meum
682 3065 775 3138 srmul
787 3093 866 3138 cum
880 3068 1096 3139 anniversario
1108 3069 1207 3164 patris
1220 3070 1290 3139 mei
1301 3094 1345 3140 ac

246 3185 357 3254 matris
373 3209 456 3254 mete
472 3184 597 3279 semper
609 3182 678 3253 fiat.
700 3184 777 3255 Hoc
791 3182 884 3280 quod
900 3184 1043 3281 superius
1054 3183 1193 3255 diximus
1210 3183 1252 3256 de
1268 3184 1346 3256 Ber-

246 3297 349 3371 nardo
366 3297 404 3369 stt
419 3325 479 3396 pro
491 3298 632 3395 piscibus
649 3302 683 3368 in
700 3290 871 3371 refectorio
888 3299 932 3371 ad
944 3299 1209 3371 anniversarium.
1231 3301 1340 3374 Dono

246 3417 345 3485 etiam
364 3411 575 3483 medietatem
589 3412 703 3484 boschi
719 3416 786 3483 mei
800 3420 891 3505 juxta
909 3413 1070 3486 boschum
1087 3414 1244 3512 Hugonis
1257 3417 1345 3487 Ate-

248 3527 339 3599 nulfi.
362 3530 464 3599 Dono
480 3530 579 3598 etiam
597 3527 747 3598 mansum
766 3527 807 3600 de
827 3530 920 3601 Serro
934 3531 990 3624 qui
1008 3527 1068 3600 suit
1084 3527 1183 3600 bonae
1197 3527 1286 3618 filiae,
1306 3534 1346 3602 &

247 3641 335 3714 unde
352 3642 412 3713 suit
428 3647 577 3714 maritata
594 3668 700 3714 mater
715 3669 803 3732 mea,
818 3646 853 3714 &
869 3643 914 3716 do
924 3647 1056 3716 vineam
1073 3670 1185 3716 meam
1202 3670 1278 3740 quae
1296 3643 1347 3718 est

246 3763 279 3830 in
290 3759 418 3829 manso
436 3760 582 3829 Dono&
596 3759 747 3829 mansum
761 3759 803 3830 de
818 3759 970 3856 Capella,
983 3758 1071 3831 unde
1082 3756 1224 3830 similiter
1235 3784 1348 3833 mater

248 3900 324 3976 mea
343 3873 404 3943 fuit
433 3875 601 3961 maritata,
627 3877 661 3944 ὅ(
687 3873 922 3946 cabannariam
944 3873 985 3946 de
1010 3873 1168 3962 Pesleriis3
1191 3872 1285 3945 dono
1308 3877 1347 3946 δι

249 3992 400 4062 mansum
416 3988 457 4060 de
475 3991 587 4062 Rouro
610 3991 758 4080 Alavars,
783 4018 883 4088 quem
901 3994 1044 4088 primum
1060 4015 1166 4062 mater
1184 4014 1261 4060 mea
1282 3987 1346 4077 de·

250 4107 341 4178 derat
357 4106 399 4178 ad
416 4105 609 4204 praedictum
633 4105 865 4179 monasterium
885 4107 926 4178 de
944 4110 1103 4180 Domina.
1130 4109 1207 4178 l-loc
1228 4130 1349 4178 autem
