3150 5174
327 554 426 626 Index
438 557 586 628 locorum
600 557 641 628 ad
655 558 747 629 usum
761 559 941 631 Cartularis
953 558 994 631 de
1009 562 1167 632 Domina.
1223 575 1288 656 375

207 689 507 701 -—-——.,

238 760 319 806 Deoti
329 760 413 807 Ordini
428 760 552 823 Certusiae,
566 777 611 825 pro
624 763 733 810 remedio

238 845 372 893 animarum
382 846 526 909 nostrarum,
535 857 556 895 ti
564 851 687 912 praecipue
695 850 737 896 do

238 933 287 977 mui
301 931 365 980 vallis
377 934 454 981 Sansli
470 935 589 999 lingonis,
608 935 736 998 speciosam

238 1017 365 1066 heremum
379 1034 435 1082 quae
448 1021 539 1083 jacetii
553 1023 604 1069 rivo
625 1021 737 1068 Getionis

237 1103 312 1165 usque
321 1104 351 1151 ad
361 1107 555 1167 rivumVeitonis‚
563 1108 736 1169 inperpetuum

238 1189 416 1249 possidendam.

274 1295 285 1316 ι
302 1275 352 1337 lpla
365 1291 425 1324 vero
440 1278 553 1325 heremus
567 1292 641 1340 quam
651 1280 685 1326 eis
697 1279 738 1327 de-

237 1360 316 1409 dimus
333 1363 378 1409 bos
395 1363 471 1410 habet
489 1365 619 1412 terminos:
634 1364 666 1411 ab
676 1367 738 1411 occi-

236 1448 310 1495 dente
323 1447 403 1495 locum
416 1451 456 1510 qui
468 1458 568 1498 vocatur
582 1464 652 1498 mons
665 1452 738 1499 [ovet

238 1535 418 1598 pertingentem
427 1536 459 1583 ad
468 1536 605 1598 aquilonem
618 1537 692 1600 usque
706 1537 737 1584 ad

238 1622 315 1673 rivum
325 1623 366 1682 qui
378 1630 478 1668 vocatur
491 1623 576 1684 Getro,
593 1622 649 1669 sicut
665 1637 737 1670 mons

238 1705 329 1766 pendet
340 1720 369 1752 ex
384 1704 463 1753 nostra
476 1714 545 1768 pnite
559 1707 633 1769 usque
649 1709 671 1753 iii
684 1722 738 1769 pra-

238 1798 290 1836 tum
305 1791 431 1851 sudinum,
442 1798 463 1837 ει
472 1791 528 1837 inde
539 1792 612 1854 usque
626 1792 656 1838 ad
669 1792 736 1855 alpes

239 1876 371 1935 Morianae3
385 1892 398 1923 a
411 1876 526 1939 praedislo
535 1892 593 1924 vero
606 1886 689 1925 monte
697 1878 739 1925 so·

240 1970 279 2009 ret
290 1963 392 2010 tendunt
407 1965 500 2010 termini
508 1978 552 2025 per
560 1965 603 2012 Les
612 1965 736 2012 Lavancha

239 2048 338 2111 quaeest
346 2049 388 2096 sub
402 2048 488 2114 [rigida
505 2048 565 2100 valle
578 2058 599 2096 ti
614 2051 668 2100 inde
679 2050 738 2098 ficut

238 2137 276 2182 via
291 2137 339 2182 exit
352 2136 384 2183 de
399 2136 485 2196 Bardo,
504 2136 593 2184 deinde
607 2137 737 2184 ascendunt

240 2222 309 2284 supra
322 2221 425 2269 Bardum
440 2229 460 2268 ai
471 2222 572 2270 tendunt
582 2237 625 2284 per
637 2237 736 2269 rencum

238 2310 328 2354 montis
348 2306 422 2354 Olerii
440 2316 460 2354 ti
480 2308 535 2355 inde
556 2324 600 2370 per
619 2309 737 2356 direslum

239 2395 328 2440 montis
345 2394 419 2455 usque
433 2394 464 2440 ad
476 2402 576 2456 pontem
592 2396 632 2441 rivi
646 2396 686 2456 qui
698 2410 737 2442 vo

238 2487 307 2526 catur
325 2481 453 2541 Veitonus,
473 2480 528 2527 inde
542 2488 694 2528 revertuntur
705 2482 736 2528 ad

238 2568 368 2625 orientem,
378 2565 434 2612 sicut
447 2565 575 2627 praedislus
588 2581 658 2614 mons
670 2566 736 2613 clau·
753 2572 764 2599 t

239 2652 362 2713 dirusque
380 2652 411 2698 ad
432 2652 535 2699 summas
552 2650 618 2713 alpes
634 2653 737 2700 Maurin-

239 2754 286 2786 nae.

276 2845 286 2867 ι
304 2826 398 2871 Partem
407 2839 465 2871 vero
475 2827 633 2872 terminorum
651 2826 736 2873 scilicet

241 2913 314 2957 arivo
328 2910 452 2972 Coppellae
465 2911 581 2972 usquead
596 2912 737 2973 praedictum

239 3000 315 3044 rivum
334 2998 461 3044 Veitonem
481 2997 605 3057 ilynardus
619 3005 640 3043 ai
653 2999 739 3057 elyme-

239 3085 301 3130 ricus
315 3082 429 3129 Villenclii
443 3082 578 3129 calumniati
593 3083 645 3129 sunt
659 3084 738 3130 diceii·

240 3178 275 3217 tes
289 3169 348 3215 inlra
363 3170 479 3215 terminos
494 3183 541 3214 iion
555 3171 681 3226 contineri3
697 3170 737 3217 sed

240 3256 369 3318 praedislus
390 3257 456 3302 Prior
474 3254 616 3302 Nantelmus
629 3263 650 3301 ti
665 3255 738 3303 srater

239 3339 738 3403 Vuillelmu5,HugoAltiVilliiris&Petrus

240 3429 346 3475 Cauterii
357 3431 496 3489 Juiaverunt
507 3429 528 3472 iii
541 3428 737 3474 manuJoliannis

239 3514 342 3575 episcopi
358 3511 571 3574 Gratianopolitani
585 3512 643 3558 iiisra
658 3516 737 3559 termi-

241 3614 284 3646 nos
303 3600 429 3658 contineri,
443 3606 463 3645 ti
477 3600 508 3644 ita
526 3597 737 3645 calumniatoribus

241 3685 412 3731 satisfecerunt.

276 3792 287 3813 a
307 3771 416 3818 Hismido
426 3771 457 3817 de
467 3770 628 3835 ilismagister
643 3771 737 3833 Templi

241 3867 261 3904 ti
268 3859 351 3905 cieteri
362 3857 446 3903 lintres
452 3856 545 3917 Templi
556 3856 674 3904 dederunt
682 3858 736 3904 Deo

241 3952 261 3990 ti
278 3945 358 3990 domui
375 3943 440 3990 vallis
457 3942 533 3989 Sancti
550 3943 660 4007 Hugonis
677 3943 738 3990 duos

241 4029 325 4076 solidos
334 4043 395 4090 quos
406 4028 464 4074 inira
477 4030 591 4075 terminos
603 4028 736 4076 habebant.

241 4114 366 4161 Cartulam
379 4115 452 4161 etiam
470 4114 491 4159 in
508 4127 556 4175 qiia
571 4113 739 4180 continebatur

241 4204 287 4248 lioc
299 4201 390 4248 donum
403 4215 527 4262 perunum
538 4215 551 4247 c
562 4199 673 4250 iratribus
683 4201 736 4260 suis,

795 771 979 826 procuratorem
988 763 1076 812 scilicet
1089 765 1120 811 de
1130 764 1199 821 valle,
1208 763 1292 829 sigilla·

799 857 849 897 tam
862 849 903 897 luo
916 848 989 916 sigillo
1002 849 1072 898 nobis
1084 850 1208 898 miserunt.

835 956 846 977 ι
858 936 1294 985 Pietateautemneremiahisiennr-

799 1022 833 1069 nis
844 1021 973 1069 conclusae
984 1023 1065 1070 Priore
1075 1021 1255 1084 praedicloliab
1267 1023 1294 1068 iis

798 1107 838 1167 qui
852 1120 908 1153 cum
921 1121 952 1154 eo
964 1114 1033 1154 eraiit
1046 1105 1160 1154 iratribus
1176 1108 1251 1168 coepit
1262 1108 1295 1152 in-

799 1191 900 1240 habitari
910 1206 938 1239 ac
949 1191 1051 1240 consti-ui
1064 1207 1128 1239 anno
1141 1191 1173 1239 ab
1185 1192 1294 1238 lncarna-

797 1279 863 1326 tione
870 1279 967 1326 Domini
974 1276 1097 1325 millesimo
1107 1276 1237 1325 centesimo
1245 1277 1294 1339 sep-

798 1365 948 1430 tuagesimo,
960 1364 1112 1427 episcopatus
1128 1346 1192 1412 vero*
1202 1364 1293 1412 domini

797 1451 913 1499 lobannis
919 1450 1133 1513 Gratianopolitani
1140 1450 1245 1513 episcopi
1254 1451 1295 1497 de-

798 1538 863 1585 cimo
874 1537 968 1598 oblatio,
982 1538 1022 1599 qui
1035 1536 1146 1584 videlicet
1158 1535 1261 1584 laudavit
1273 1544 1294 1582 ti

798 1623 965 1671 corroboravit
981 1625 1028 1670 hoc
1045 1622 1137 1670 donum
1150 1623 1217 1684 quod
1234 1622 1296 1671 lece

798 1718 852 1756 runt
872 1710 980 1771 personae
999 1709 1139 1772 supradislae
1155 1723 1211 1757 cum
1228 1711 1293 1757 omni

798 1805 918 1843 conventu
928 1794 1070 1843 clericorum
1080 1795 1186 1857 suorum,
1193 1802 1215 1843 ai
1222 1810 1296 1857 quan-

799 1882 887 1930 turned
896 1881 919 1929 le
928 1880 1065 1944 pertinebat
1073 1882 1189 1955 quiequid
1198 1875 1295 1944 suijiiri's

797 1966 844 2015 else
857 1967 984 2016 videbatui
997 1969 1095 2015 omnino
1109 1967 1232 2016 concessit.

834 2073 846 2096 ι
860 2053 884 2100 ln
894 2054 961 2115 eujus
971 2055 1004 2100 rei
1014 2052 1089 2101 robur
1102 2059 1124 2099 ti
1134 2051 1295 2101 testiinonium
1339 2063 1341 2067 ·

798 2137 897 2204 sigillum
905 2138 1012 2187 nostrum
1022 2138 1178 2201 praesentibus
1184 2139 1295 2187 duximus

797 2225 980 2287 apponendum.

834 2330 845 2354 ι
861 2312 953 2359 Datum
966 2311 1032 2374 apud
1046 2312 1136 2360 troiam
1151 2312 1174 2357 in
1188 2312 1294 2373 prioratu

797 2395 852 2443 dieti
865 2396 919 2457 loci,
935 2396 975 2443 die
989 2396 1084 2443 decima
1097 2396 1197 2458 septima
1209 2397 1295 2444 mensis

797 2482 889 2541 martii,
904 2495 967 2529 anno
984 2481 1081 2528 Domini
1103 2479 1226 2529 millesimo
1246 2489 1295 2528 ter-

797 2566 927 2614 centesimo
938 2564 1132 2631 quadragesimo.
1148 2585 1159 2609 ι

830 2652 898 2698 Voici
905 2652 969 2698 deuii
978 2660 1058 2699 autres
1068 2653 1165 2699 extraits
1174 2652 1246 2699 d'une
1256 2667 1294 2699 co-

797 2738 837 2799 pie
845 2737 878 2784 du
888 2736 1023 2784 cartulaire
1032 2737 1064 2784 de
1073 2737 1095 2784 la
1107 2737 1253 2786 chartreuse
1263 2739 1295 2784 de

799 2824 942 2888 St-Hugon,
964 2825 1038 2884 ecrit,
1055 2823 1117 2871 selon
1131 2824 1246 2872 d'Hozier
1264 2824 1296 2871 de

799 2911 907 2974 Se‘rigny,
917 2923 971 2956 veis
981 2909 1002 2956 la
1012 2908 1044 2955 sin
1056 2908 1090 2956 du
1101 2914 1149 2957 xii·
1160 2909 1237 2971 siecle,
1247 2925 1295 2972 que

798 3010 858 3044 nous
875 2995 989 3043 devonsi'i
1003 2993 1160 3060 l'obligeance
1172 2996 1205 3044 de
1216 2996 1250 3044 Μ.
1262 2996 1297 3043 ΑΙ-

799 3083 850 3130 lied
859 3082 890 3129 de
897 3080 1049 3142 Terrebasl'e,
1057 3090 1127 3130 notre
1135 3081 1234 3131 celebre
1242 3085 1296 3131 eru-

799 3168 835 3215 dit
849 3168 1002 3230 daupliinois.

832 3253 869 3318 (P.
882 3253 917 3320 3.)
932 3275 944 3298 ι
956 3255 1005 3320 Ego
1018 3253 1160 3302 Nantelmus
1169 3255 1264 3302 Ainardi
1274 3261 1295 3300 ti

798 3339 1296 3402 uxormeaafittimeiainardus,niberius

798 3428 909 3475 &Petrus
915 3427 1027 3473 dedimus
1034 3427 1205 3473 DeotiOrdiiii
1211 3426 1296 3473 Certu-

798 3514 829 3561 sie
837 3512 1041 3560 &habitatoribus
1052 3512 1117 3560 vallis
1126 3512 1201 3561 saneti
1212 3513 1295 3577 Hugo-

798 3601 833 3647 iiis
842 3599 956 3661 quicquid
963 3600 1023 3661 juris
1034 3598 1092 3645 insra
1106 3599 1221 3646 terminos
1233 3613 1294 3660 quus

798 3686 927 3748 posuerunt
944 3685 1096 3733 habebamus
1112 3685 1134 3731 in
1149 3691 1292 3746 perpetuum

799 3771 1027 3833 possidendum‚pro
1033 3769 1105 3817 salute
1112 3771 1247 3817 animarum
1255 3783 1295 3815 no-

798 3854 1206 3919 strarumsipaientumnostronim,
1214 3857 1295 3918 inpre-

798 3943 869 3989 sentia
882 3941 1002 3989 Nantelmi
1016 3941 1121 4003 ejusdem
1135 3939 1179 3987 loci
1190 3939 1284 3988 Prioris.

836 4048 846 4071 ι
861 4028 945 4076 Testes
957 4028 1020 4077 sunt:
1039 4026 1153 4075 Rodullus
1163 4026 1194 4073 de
1205 4027 1295 4074 Cham-

800 4115 892 4175 baireu,
908 4114 988 4162 Guido
998 4113 1030 4162 de
1044 4112 1201 4173 castronovo,
1213 4113 1295 4161 Petrus

799 4199 921 4266 magister,
933 4201 1001 4248 saiiie
1013 4209 1034 4247 a
1042 4197 1200 4248 Vabonneila.
1212 4218 1223 4242 a
