3150 5174
249 531 303 621 30
521 500 754 595 Castulate
776 501 829 592 de
851 504 1055 594 Domina.

1002 684 1008 687 .
1036 680 1342 689 ,—.-.—--——-—....

244 739 324 813 sicut
336 742 388 814 hic
402 743 517 840 scripta
530 743 679 816 habetur.
699 747 880 816 fecerateis
889 743 1062 842 praedicms
1074 745 1219 815 Joannes
1231 745 1341 844 longo

244 884 393 959 tempore
411 865 588 933 maximam
612 867 763 956 injuriam
783 863 824 934 de
850 888 932 934 tetra
947 863 1102 960 ipsorum.
1123 862 1341 959 Qaproptet

244 977 388 1072 praedicti
405 980 560 1051 monachi
579 983 686 1052 Petrus
698 979 849 1052 videlicet
870 982 1001 1052 Prior&
1013 981 1205 1051 Vuarencus
1218 1004 1342 1052 mona·

243 1095 324 1165 chus
336 1094 541 1168 discutientes
549 1099 679 1169 causam
692 1105 774 1190 ejus,
786 1096 935 1170 fraudem
947 1096 1079 1195 publice
1092 1101 1241 1197 agnitam
1254 1097 1343 1170 fece·

243 1232 329 1279 runt.
347 1209 443 1282 Unde
459 1210 562 1282 isdem
574 1212 718 1282 Joannes
734 1210 816 1303 juste
835 1210 997 1303 judicatur
1020 1237 1039 1281 a
1061 1234 1208 1309 tempore
1226 1211 1284 1282 illo
1305 1215 1342 1282 ἃ

244 1320 399 1420 deinceps
412 1322 532 1395 dimisit
547 1324 708 1422 praedictis
721 1325 893 1397 monachis
906 1324 1117 1396 medietatem
1131 1328 1230 1397 totius
1247 1349 1343 1397 terrae

243 1462 345 1532 quam
358 1437 491 1510 tenebat
504 1437 546 1510 ab
559 1443 604 1510 eis
617 1465 732 1537 praeter
744 1440 857 1511 olchas
870 1441 939 1511 suas
950 1438 1182 1511 &sextariadas
1191 1440 1255 1511 sex.
1269 1441 1343 1511 Ha·

243 1552 314 1625 buit
325 1581 527 1627 conventum
540 1581 576 1627 ut
587 1556 742 1654 deinceps
753 1559 799 1628 ita
811 1581 936 1627 teneret
947 1561 1126 1629 &uxorem
1139 1557 1230 1627 suam
1242 1555 1343 1628 filios-

242 1696 307 1766 que
319 1671 393 1742 suos
404 1670 535 1743 laudare
547 1671 667 1744 saceret
680 1673 765 1744 hanc
786 1675 1065 1762 convenientiam,
1084 1677 1119 1745 ὅ(
1135 1697 1173 1743 ut
1187 1669 1235 1744 ob
1255 1673 1339 1763 hoc,

242 1783 334 1880 quod
351 1785 512 1857 retinebat
535 1787 713 1876 servitium,
737 1786 887 1859 redderet
902 1813 1045 1885 quatuor
1056 1787 1173 1860 solidos
1184 1792 1219 1861 ἀ
1232 1813 1342 1859 unum

241 1923 424 1996 receptum,
436 1904 471 1972 &
480 1926 516 1972 ut
527 1901 690 1973 firmantia
698 1928 799 1999 quam
812 1901 902 1974 dedit
915 1930 984 1974 non
996 1903 1101 1974 fuiffet
1112 1903 1216 1975 soluta
1227 1900 1341 1976 donec

241 2013 307 2110 ipse
320 2018 353 2084 ὅ(
369 2040 446 2085 uxor
457 2022 528 2108 ejus
540 2018 575 2086 δε
592 2015 647 2087 filii
664 2025 733 2110 ejus
749 2015 919 2088 laudarent
935 2017 1022 2089 hanc
1039 2041 1174 2088 cattam.
1191 2013 1243 2088 fist
1260 2043 1342 2089 vero

241 2131 275 2198 in
293 2129 455 2201 firmantia
476 2156 512 2202 ut
527 2135 572 2202 ita
592 2135 728 2204 uxori&
746 2132 817 2203 filiis
838 2134 899 2204 suis
919 2131 1050 2204 laudare
1069 2131 1191 2203 faceret
1209 2133 1342 2204 vicinus

241 2254 311 2339 ejus
325 2246 499 2319 Tetbertus
513 2249 617 2319 miles.

244 2457 1341 2549 ὣῶὣὦὢὣὢῶὣῶῶῶῶὢῶὢῶῶὢῶὧῶὣῶὣῶὢῶὦῶὣῶὢῶὣῶὣῶὣῶθ

380 2765 436 2841 26.
456 2771 548 2838 cana
562 2775 719 2840 Humbern'
736 2773 855 2839 vuarci
872 2774 908 2838 de
925 2771 1196 2866 valleQaverfi.

271 3102 276 3113 .
303 3101 310 3116 .
345 3061 363 3082 ⁸
380 3049 448 3147 71..
465 3045 611 3119 OTUM
622 3044 659 3117 sit
672 3044 826 3121 omnibus
839 3045 1029 3117 hominibus
1042 3043 1135 3142 quod
1145 3048 1180 3117 in
1189 3045 1344 3142 quodam

303 3157 312 3237 Ῐ
358 3222 363 3225 »
374 3134 419 3237 i
434 3155 442 3235 ἶ
464 3162 578 3232 manso
591 3159 632 3232 de
640 3161 734 3232 Valle
748 3157 887 3232 Navenst
896 3186 997 3256 quem
1010 3159 1164 3232 dominus
1177 3159 1344 3234 Rodulfus

305 3286 418 3369 ‘²³2⁹
464 3278 634 3375 episcopus
659 3273 885 3374 Capencenfis
914 3274 1005 3346 dedit
1031 3278 1180 3348 Domino
1207 3278 1287 3349 Deo
1307 3282 1347 3350 &

241 3396 353 3466 sancto
366 3398 458 3468 Petro
467 3393 603 3492 quidam
613 3395 722 3465 Bonus
736 3394 792 3464 Par
800 3396 936 3464 nomine
945 3393 1074 3490 reliquit
1086 3391 1345 3466 consuetudines

240 3537 357 3582 omnes
366 3510 670 3584 desuavillicatione
679 3511 802 3605 quasin
816 3507 936 3580 eodem
944 3507 1060 3579 manso
1069 3505 1189 3579 habere
1198 3507 1340 3581 solebat.

242 3624 312 3697 Post
320 3624 489 3698 disceffum
501 3651 578 3697 vero
590 3633 673 3717 ejus,
688 3624 772 3695 filius
779 3623 924 3716 ejusdem
935 3624 1041 3694 Petrus
1058 3621 1200 3694 similiter
1210 3624 1347 3723 reliquit

240 3746 274 3813 in
284 3741 440 3840 praedicto
449 3743 562 3813 manso
571 3742 635 3812 hoc
647 3765 754 3812 totum
763 3739 1063 3837 quodvillicationis
1073 3740 1137 3812 suae
1145 3740 1286 3813 causain
1299 3767 1345 3815 eo

241 3857 434 3956 accipiebat.
453 3855 523 3929 Post
539 3865 631 3950 cujus
652 3882 762 3928 autem
780 3855 949 3929 disceffum
967 3855 1102 3952 quidam
1118 3856 1212 3928 miles
1225 3857 1346 3931 Hum—

242 3972 351 4044 bertus
361 3976 496 4044 nomine
510 3970 636 4043 habens
645 3969 790 4069 praedicti
803 3973 884 4043 Peni
897 3998 1031 4043 uxorem
1039 3969 1263 4044 ndaisendam
1275 3999 1346 4047 no—

241 4091 330 4159 mine
344 4089 544 4185 recuperavit
555 4090 589 4159 in
600 4085 758 4184 praedicto
771 4088 884 4158 manso
894 4085 1144 4160 consuetudines
1156 4086 1345 4183 praedeces-
