<?xml version="1.0" encoding="UTF-8"?>
<!DOCTYPE html PUBLIC "-//W3C//DTD XHTML 1.0 Transitional//EN"
    "http://www.w3.org/TR/xhtml1/DTD/xhtml1-transitional.dtd">
<html xmlns="http://www.w3.org/1999/xhtml" xml:lang="en" lang="en">
 <head>
  <title>
</title>
<meta http-equiv="Content-Type" content="text/html;charset=utf-8" />
  <meta name='ocr-system' content='tesseract 3.04.00' />
  <meta name='ocr-capabilities' content='ocr_page ocr_carea ocr_par ocr_line ocrx_word'/>
</head>
<body>
  <div class='ocr_page' id='page_1' title='image "./cartularemonast00montgoog_0224.png"; bbox 0 0 3150 5174; ppageno 0'>
   <div class='ocr_carea' id='block_1_1' title="bbox 517 521 1317 642">
    <p class='ocr_par' dir='ltr' id='par_1_1' title="bbox 517 521 1317 642">
     <span class='ocr_line' id='line_1_1' title="bbox 517 521 1317 642; baseline -0.005 -29"><span class='ocrx_word' id='word_1_1' title='bbox 517 523 750 614; x_wconf 85' lang='lat' dir='ltr'>Cartulare</span> <span class='ocrx_word' id='word_1_2' title='bbox 771 521 825 612; x_wconf 87' lang='lat' dir='ltr'>de</span> <span class='ocrx_word' id='word_1_3' title='bbox 847 525 1047 612; x_wconf 85' lang='lat' dir='ltr'>Domina.</span> <span class='ocrx_word' id='word_1_4' title='bbox 1246 551 1317 642; x_wconf 85' lang='lat'>151</span> 
     </span>
    </p>
   </div>
   <div class='ocr_carea' id='block_1_2' title="bbox 237 762 1329 1325">
    <p class='ocr_par' dir='ltr' id='par_1_2' title="bbox 237 762 1329 1325">
     <span class='ocr_line' id='line_1_2' title="bbox 238 762 1329 860; baseline 0 -23"><span class='ocrx_word' id='word_1_5' title='bbox 238 792 304 838; x_wconf 87' lang='lat' dir='ltr'>tem</span> <span class='ocrx_word' id='word_1_6' title='bbox 322 765 423 837; x_wconf 87' lang='lat' dir='ltr'>mansr</span> <span class='ocrx_word' id='word_1_7' title='bbox 438 768 588 837; x_wconf 90' lang='lat' dir='ltr'>Duranni</span> <span class='ocrx_word' id='word_1_8' title='bbox 605 766 752 855; x_wconf 87' lang='lat' dir='ltr'>Retorni,</span> <span class='ocrx_word' id='word_1_9' title='bbox 764 768 820 860; x_wconf 90' lang='lat' dir='ltr'>qui</span> <span class='ocrx_word' id='word_1_10' title='bbox 836 764 965 834; x_wconf 89' lang='lat' dir='ltr'>mansus</span> <span class='ocrx_word' id='word_1_11' title='bbox 978 762 1024 835; x_wconf 86' lang='lat' dir='ltr'>cst</span> <span class='ocrx_word' id='word_1_12' title='bbox 1040 762 1115 836; x_wconf 85' lang='lat' dir='ltr'>srtus</span> <span class='ocrx_word' id='word_1_13' title='bbox 1131 768 1164 835; x_wconf 91' lang='lat' dir='ltr'>in</span> <span class='ocrx_word' id='word_1_14' title='bbox 1177 767 1251 838; x_wconf 85' lang='lat' dir='ltr'>villa</span> <span class='ocrx_word' id='word_1_15' title='bbox 1264 769 1329 837; x_wconf 87' lang='lat' dir='ltr'>Te-</span> 
     </span>
     <span class='ocr_line' id='line_1_3' title="bbox 238 880 1328 956; baseline 0.001 -2"><span class='ocrx_word' id='word_1_16' title='bbox 238 882 326 955; x_wconf 87' lang='lat' dir='ltr'>desri.</span> <span class='ocrx_word' id='word_1_17' title='bbox 349 886 433 955; x_wconf 80' lang='lat' dir='ltr'>Fecit</span> <span class='ocrx_word' id='word_1_18' title='bbox 449 908 562 955; x_wconf 87' lang='lat' dir='ltr'>autern</span> <span class='ocrx_word' id='word_1_19' title='bbox 580 884 645 955; x_wconf 88' lang='lat' dir='ltr'>hoc</span> <span class='ocrx_word' id='word_1_20' title='bbox 664 883 789 954; x_wconf 91' lang='lat' dir='ltr'>donum</span> <span class='ocrx_word' id='word_1_21' title='bbox 807 882 849 953; x_wconf 87' lang='lat' dir='ltr'>ad</span> <span class='ocrx_word' id='word_1_22' title='bbox 865 880 1097 953; x_wconf 86' lang='lat' dir='ltr'>monasterium</span> <span class='ocrx_word' id='word_1_23' title='bbox 1119 881 1160 953; x_wconf 88' lang='lat' dir='ltr'>de</span> <span class='ocrx_word' id='word_1_24' title='bbox 1182 885 1328 956; x_wconf 89' lang='lat' dir='ltr'>Domina</span> 
     </span>
     <span class='ocr_line' id='line_1_4' title="bbox 238 997 1329 1097; baseline 0 -28"><span class='ocrx_word' id='word_1_25' title='bbox 238 998 295 1070; x_wconf 86' lang='lat' dir='ltr'>ubi</span> <span class='ocrx_word' id='word_1_26' title='bbox 307 998 459 1071; x_wconf 85' lang='lat' dir='ltr'>conditus</span> <span class='ocrx_word' id='word_1_27' title='bbox 471 1007 569 1091; x_wconf 85' lang='lat' dir='ltr'>jacet,</span> <span class='ocrx_word' id='word_1_28' title='bbox 582 1026 643 1097; x_wconf 87' lang='lat' dir='ltr'>pto</span> <span class='ocrx_word' id='word_1_29' title='bbox 656 999 754 1070; x_wconf 85' lang='lat' dir='ltr'>salute</span> <span class='ocrx_word' id='word_1_30' title='bbox 767 1001 884 1069; x_wconf 82' lang='lat' dir='ltr'>animae</span> <span class='ocrx_word' id='word_1_31' title='bbox 894 999 971 1085; x_wconf 84' lang='lat' dir='ltr'>suae,</span> <span class='ocrx_word' id='word_1_32' title='bbox 982 1022 1142 1093; x_wconf 84' lang='lat' dir='ltr'>quatenus</span> <span class='ocrx_word' id='word_1_33' title='bbox 1155 997 1264 1069; x_wconf 86' lang='lat' dir='ltr'>fratres</span> <span class='ocrx_word' id='word_1_34' title='bbox 1272 1002 1329 1095; x_wconf 91' lang='lat' dir='ltr'>qui</span> 
     </span>
     <span class='ocr_line' id='line_1_5' title="bbox 237 1110 1329 1209; baseline 0.003 -27"><span class='ocrx_word' id='word_1_35' title='bbox 237 1112 282 1183; x_wconf 88' lang='lat' dir='ltr'>ibi</span> <span class='ocrx_word' id='word_1_36' title='bbox 303 1115 452 1186; x_wconf 87' lang='lat' dir='ltr'>Domino</span> <span class='ocrx_word' id='word_1_37' title='bbox 474 1115 548 1184; x_wconf 90' lang='lat' dir='ltr'>Deo</span> <span class='ocrx_word' id='word_1_38' title='bbox 565 1112 776 1200; x_wconf 83' lang='lat' dir='ltr'>famulantur,</span> <span class='ocrx_word' id='word_1_39' title='bbox 796 1111 923 1183; x_wconf 89' lang='lat' dir='ltr'>donum</span> <span class='ocrx_word' id='word_1_40' title='bbox 939 1110 1018 1183; x_wconf 83' lang='lat' dir='ltr'>illud</span> <span class='ocrx_word' id='word_1_41' title='bbox 1035 1113 1262 1209; x_wconf 87' lang='lat' dir='ltr'>perpetualiter</span> <span class='ocrx_word' id='word_1_42' title='bbox 1283 1138 1329 1185; x_wconf 72' lang='lat' dir='ltr'>re</span> 
     </span>
     <span class='ocr_line' id='line_1_6' title="bbox 239 1227 596 1325; baseline -0.003 -27"><span class='ocrx_word' id='word_1_43' title='bbox 239 1253 339 1300; x_wconf 88' lang='lat' dir='ltr'>neant</span> <span class='ocrx_word' id='word_1_44' title='bbox 355 1233 388 1300; x_wconf 71' lang='grc' dir='ltr'>ὅ(</span> <span class='ocrx_word' id='word_1_45' title='bbox 401 1227 596 1325; x_wconf 83' lang='lat' dir='ltr'>polltdeant.</span> 
     </span>
    </p>
   </div>
   <div class='ocr_carea' id='block_1_3' title="bbox 242 1516 1325 1568">
    <p class='ocr_par' dir='ltr' id='par_1_3' title="bbox 242 1516 1325 1568">
     <span class='ocr_line' id='line_1_7' title="bbox 242 1516 1325 1568; baseline -0.001 -3"><span class='ocrx_word' id='word_1_46' title='bbox 242 1516 1325 1568; x_wconf 65' lang='grc' dir='ltr'>ὢῶὣῶὢῶὣῶὢῶᾣῶὢῶὣῷὥῶὢῶὢῶᾣῶὣῶὣῶὢῶὢῶὢῶὢῶὣῶὢὼὢ</span> 
     </span>
    </p>
   </div>
   <div class='ocr_carea' id='block_1_4' title="bbox 435 1858 1131 1950">
    <p class='ocr_par' dir='ltr' id='par_1_4' title="bbox 435 1858 1131 1950">
     <span class='ocr_line' id='line_1_8' title="bbox 435 1858 1131 1950; baseline 0.001 -28"><span class='ocrx_word' id='word_1_47' title='bbox 435 1872 510 1950; x_wconf 76' lang='lat'>175.</span> <span class='ocrx_word' id='word_1_48' title='bbox 535 1858 626 1924; x_wconf 80' lang='lat' dir='ltr'>Curta</span> <span class='ocrx_word' id='word_1_49' title='bbox 647 1859 789 1949; x_wconf 75' lang='lat' dir='ltr'>elynurrlt&#39;</span> <span class='ocrx_word' id='word_1_50' title='bbox 805 1859 841 1923; x_wconf 84' lang='lat' dir='ltr'>de</span> <span class='ocrx_word' id='word_1_51' title='bbox 857 1858 1014 1923; x_wconf 82' lang='lat' dir='ltr'>medietate</span> <span class='ocrx_word' id='word_1_52' title='bbox 1030 1863 1131 1949; x_wconf 69' lang='lat' dir='ltr'>munst.</span> 
     </span>
    </p>
   </div>
   <div class='ocr_carea' id='block_1_5' title="bbox 670 2103 901 2165">
    <p class='ocr_par' dir='ltr' id='par_1_5' title="bbox 670 2103 901 2165">
     <span class='ocr_line' id='line_1_9' title="bbox 670 2103 901 2165; baseline -0.004 -16"><span class='ocrx_word' id='word_1_53' title='bbox 670 2103 901 2165; x_wconf 70' lang='lat' dir='ltr'>(un-rr.)</span> 
     </span>
    </p>
   </div>
   <div class='ocr_carea' id='block_1_6' title="bbox 241 2377 1330 3168">
    <p class='ocr_par' dir='ltr' id='par_1_6' title="bbox 259 2377 1328 2480">
     <span class='ocr_line' id='line_1_10' title="bbox 259 2377 1328 2480; baseline 0.003 -30"><span class='ocrx_word' id='word_1_54' title='bbox 259 2403 294 2444; x_wconf 62' lang='grc' dir='ltr'>*υ</span> <span class='ocrx_word' id='word_1_55' title='bbox 355 2399 398 2440; x_wconf 58' lang='lat'>⁴⁹⁶</span> <span class='ocrx_word' id='word_1_56' title='bbox 420 2380 518 2450; x_wconf 79' lang='lat' dir='ltr'>TEM</span> <span class='ocrx_word' id='word_1_57' title='bbox 536 2377 690 2451; x_wconf 89' lang='lat' dir='ltr'>dominus</span> <span class='ocrx_word' id='word_1_58' title='bbox 703 2377 874 2472; x_wconf 82' lang='lat' dir='ltr'>Aynardus</span> <span class='ocrx_word' id='word_1_59' title='bbox 886 2379 999 2450; x_wconf 88' lang='lat' dir='ltr'>Senior</span> <span class='ocrx_word' id='word_1_60' title='bbox 1011 2377 1156 2471; x_wconf 85' lang='lat' dir='ltr'>ejusdem</span> <span class='ocrx_word' id='word_1_61' title='bbox 1174 2381 1328 2480; x_wconf 82' lang='lat' dir='ltr'>Hugonis</span> 
     </span>
    </p>

    <p class='ocr_par' dir='ltr' id='par_1_7' title="bbox 296 2486 1328 2594">
     <span class='ocr_line' id='line_1_11' title="bbox 296 2492 1328 2594; baseline 0.003 -28"><span class='ocrx_word' id='word_1_62' title='bbox 296 2564 303 2586; x_wconf 44' lang='lat' dir='ltr'>s</span> <span class='ocrx_word' id='word_1_63' title='bbox 339 2537 358 2580; x_wconf 49' lang='lat' dir='ltr'>a</span> <span class='ocrx_word' id='word_1_64' title='bbox 421 2523 499 2567; x_wconf 90' lang='lat' dir='ltr'>curn</span> <span class='ocrx_word' id='word_1_65' title='bbox 511 2495 577 2566; x_wconf 85' lang='lat' dir='ltr'>filio</span> <span class='ocrx_word' id='word_1_66' title='bbox 594 2496 651 2567; x_wconf 87' lang='lat' dir='ltr'>suo</span> <span class='ocrx_word' id='word_1_67' title='bbox 668 2492 806 2566; x_wconf 73' lang='lat' dir='ltr'>Alberto</span> <span class='ocrx_word' id='word_1_68' title='bbox 823 2492 914 2565; x_wconf 92' lang='lat' dir='ltr'>dedit</span> <span class='ocrx_word' id='word_1_69' title='bbox 925 2492 1045 2566; x_wconf 83' lang='lat' dir='ltr'>eodem</span> <span class='ocrx_word' id='word_1_70' title='bbox 1057 2493 1161 2568; x_wconf 91' lang='lat' dir='ltr'>modo</span> <span class='ocrx_word' id='word_1_71' title='bbox 1176 2522 1236 2592; x_wconf 94' lang='lat' dir='ltr'>pro</span> <span class='ocrx_word' id='word_1_72' title='bbox 1249 2523 1328 2594; x_wconf 86' lang='lat' dir='ltr'>prae-</span> 
     </span>
    </p>

    <p class='ocr_par' dir='ltr' id='par_1_8' title="bbox 346 2601 1328 2709">
     <span class='ocr_line' id='line_1_12' title="bbox 346 2607 1328 2709; baseline 0.001 -26"><span class='ocrx_word' id='word_1_73' title='bbox 346 2701 354 2703; x_wconf 14' lang='grc' dir='ltr'>ᾼ</span> <span class='ocrx_word' id='word_1_74' title='bbox 405 2611 510 2683; x_wconf 85' lang='lat' dir='ltr'>dr&#39;cto</span> <span class='ocrx_word' id='word_1_75' title='bbox 534 2613 655 2709; x_wconf 86' lang='lat' dir='ltr'>Ugone</span> <span class='ocrx_word' id='word_1_76' title='bbox 682 2607 724 2679; x_wconf 89' lang='lat' dir='ltr'>ad</span> <span class='ocrx_word' id='word_1_77' title='bbox 744 2609 915 2707; x_wconf 80' lang='lat' dir='ltr'>praefatum</span> <span class='ocrx_word' id='word_1_78' title='bbox 939 2609 1170 2683; x_wconf 84' lang='lat' dir='ltr'>monasterium</span> <span class='ocrx_word' id='word_1_79' title='bbox 1191 2611 1232 2683; x_wconf 91' lang='lat' dir='ltr'>de</span> <span class='ocrx_word' id='word_1_80' title='bbox 1256 2615 1328 2684; x_wconf 89' lang='lat' dir='ltr'>Do-</span> 
     </span>
    </p>

    <p class='ocr_par' dir='ltr' id='par_1_9' title="bbox 242 2721 1330 2799">
     <span class='ocr_line' id='line_1_13' title="bbox 242 2721 1330 2799; baseline -0.001 -1"><span class='ocrx_word' id='word_1_81' title='bbox 242 2733 330 2799; x_wconf 80' lang='lat' dir='ltr'>mina</span> <span class='ocrx_word' id='word_1_82' title='bbox 347 2726 558 2797; x_wconf 83' lang='lat' dir='ltr'>medietatem</span> <span class='ocrx_word' id='word_1_83' title='bbox 571 2721 672 2794; x_wconf 86' lang='lat' dir='ltr'>mansr</span> <span class='ocrx_word' id='word_1_84' title='bbox 685 2723 915 2795; x_wconf 88' lang='lat' dir='ltr'>Vuaremberti</span> <span class='ocrx_word' id='word_1_85' title='bbox 934 2726 967 2794; x_wconf 89' lang='lat' dir='ltr'>in</span> <span class='ocrx_word' id='word_1_86' title='bbox 988 2722 1105 2795; x_wconf 89' lang='lat' dir='ltr'>eadem</span> <span class='ocrx_word' id='word_1_87' title='bbox 1117 2727 1190 2797; x_wconf 89' lang='lat' dir='ltr'>villa</span> <span class='ocrx_word' id='word_1_88' title='bbox 1211 2725 1252 2797; x_wconf 91' lang='lat' dir='ltr'>de</span> <span class='ocrx_word' id='word_1_89' title='bbox 1265 2729 1330 2797; x_wconf 88' lang='lat' dir='ltr'>Te-</span> 
     </span>
    </p>

    <p class='ocr_par' dir='ltr' id='par_1_10' title="bbox 241 2836 1327 2940">
     <span class='ocr_line' id='line_1_14' title="bbox 241 2836 1327 2940; baseline 0.001 -28"><span class='ocrx_word' id='word_1_90' title='bbox 241 2841 341 2913; x_wconf 87' lang='lat' dir='ltr'>desro.</span> <span class='ocrx_word' id='word_1_91' title='bbox 356 2839 652 2911; x_wconf 83' lang='lat' dir='ltr'>laudaverunthoc</span> <span class='ocrx_word' id='word_1_92' title='bbox 666 2836 792 2909; x_wconf 91' lang='lat' dir='ltr'>donum</span> <span class='ocrx_word' id='word_1_93' title='bbox 802 2836 962 2909; x_wconf 89' lang='lat' dir='ltr'>Rodulfus</span> <span class='ocrx_word' id='word_1_94' title='bbox 974 2838 1069 2910; x_wconf 88' lang='lat' dir='ltr'>frater</span> <span class='ocrx_word' id='word_1_95' title='bbox 1080 2839 1226 2936; x_wconf 88' lang='lat' dir='ltr'>praedicti</span> <span class='ocrx_word' id='word_1_96' title='bbox 1234 2842 1327 2940; x_wconf 84' lang='lat' dir='ltr'><strong>Ugo-</strong></span> 
     </span>
    </p>

    <p class='ocr_par' dir='ltr' id='par_1_11' title="bbox 242 2953 1328 3168">
     <span class='ocr_line' id='line_1_15' title="bbox 242 2953 1328 3051; baseline 0.002 -24"><span class='ocrx_word' id='word_1_97' title='bbox 242 2962 290 3029; x_wconf 90' lang='lat' dir='ltr'>nis</span> <span class='ocrx_word' id='word_1_98' title='bbox 308 2963 342 3029; x_wconf 75' lang='grc' dir='ltr'>ἃ</span> <span class='ocrx_word' id='word_1_99' title='bbox 360 2960 490 3028; x_wconf 85' lang='lat' dir='ltr'>Pontius</span> <span class='ocrx_word' id='word_1_100' title='bbox 507 2953 691 3029; x_wconf 86' lang='lat' dir='ltr'>Udulardus</span> <span class='ocrx_word' id='word_1_101' title='bbox 708 2980 812 3051; x_wconf 87' lang='lat' dir='ltr'>nepos</span> <span class='ocrx_word' id='word_1_102' title='bbox 828 2961 897 3047; x_wconf 85' lang='lat' dir='ltr'>ejus</span> <span class='ocrx_word' id='word_1_103' title='bbox 914 2980 1076 3051; x_wconf 86' lang='lat' dir='ltr'>ponentes</span> <span class='ocrx_word' id='word_1_104' title='bbox 1091 2959 1126 3026; x_wconf 88' lang='lat' dir='ltr'>in</span> <span class='ocrx_word' id='word_1_105' title='bbox 1144 2954 1328 3030; x_wconf 86' lang='lat' dir='ltr'>testimonio</span> 
     </span>
     <span class='ocr_line' id='line_1_16' title="bbox 242 3066 1173 3168; baseline -0.005 -23"><span class='ocrx_word' id='word_1_106' title='bbox 242 3076 328 3145; x_wconf 87' lang='lat' dir='ltr'>hanc</span> <span class='ocrx_word' id='word_1_107' title='bbox 342 3098 464 3144; x_wconf 87' lang='lat' dir='ltr'>cartam</span> <span class='ocrx_word' id='word_1_108' title='bbox 480 3072 572 3168; x_wconf 86' lang='lat' dir='ltr'>super</span> <span class='ocrx_word' id='word_1_109' title='bbox 585 3070 682 3140; x_wconf 91' lang='lat' dir='ltr'>altare</span> <span class='ocrx_word' id='word_1_110' title='bbox 699 3066 919 3166; x_wconf 83' lang='lat' dir='ltr'>apostolorum</span> <span class='ocrx_word' id='word_1_111' title='bbox 933 3072 1012 3141; x_wconf 87' lang='lat' dir='ltr'>Petri</span> <span class='ocrx_word' id='word_1_112' title='bbox 1026 3074 1060 3140; x_wconf 92' lang='lat'>&amp;</span> <span class='ocrx_word' id='word_1_113' title='bbox 1078 3071 1173 3141; x_wconf 87' lang='lat' dir='ltr'>Pauli.</span> 
     </span>
    </p>
   </div>
   <div class='ocr_carea' id='block_1_7' title="bbox 242 3184 1329 3392">
    <p class='ocr_par' dir='ltr' id='par_1_12' title="bbox 242 3184 1329 3392">
     <span class='ocr_line' id='line_1_17' title="bbox 291 3184 1329 3282; baseline 0 -22"><span class='ocrx_word' id='word_1_114' title='bbox 291 3191 322 3260; x_wconf 87' lang='lat' dir='ltr'>S.</span> <span class='ocrx_word' id='word_1_115' title='bbox 345 3191 494 3260; x_wconf 82' lang='lat' dir='ltr'>Pontii&amp;</span> <span class='ocrx_word' id='word_1_116' title='bbox 508 3184 653 3279; x_wconf 81' lang='lat' dir='ltr'>Aynardi</span> <span class='ocrx_word' id='word_1_117' title='bbox 670 3184 815 3273; x_wconf 86' lang='lat' dir='ltr'>fratrum,</span> <span class='ocrx_word' id='word_1_118' title='bbox 830 3184 1023 3282; x_wconf 89' lang='lat' dir='ltr'>quidonum</span> <span class='ocrx_word' id='word_1_119' title='bbox 1039 3185 1208 3257; x_wconf 84' lang='lat' dir='ltr'>laudantes</span> <span class='ocrx_word' id='word_1_120' title='bbox 1221 3215 1329 3260; x_wconf 68' lang='lat' dir='ltr'>curru</span> 
     </span>
     <span class='ocr_line' id='line_1_18' title="bbox 242 3297 1308 3392; baseline -0.002 -16"><span class='ocrx_word' id='word_1_121' title='bbox 242 3305 449 3376; x_wconf 87' lang='lat' dir='ltr'>boraverunt.</span> <span class='ocrx_word' id='word_1_122' title='bbox 472 3302 503 3371; x_wconf 88' lang='lat' dir='ltr'>S.</span> <span class='ocrx_word' id='word_1_123' title='bbox 522 3297 1105 3392; x_wconf 77' lang='lat' dir='ltr'>AynardiBlanci3Alvis13Richardi</span> <span class='ocrx_word' id='word_1_124' title='bbox 1123 3301 1308 3382; x_wconf 75' lang='lat' dir='ltr'>lismerudis.</span> 
     </span>
    </p>
   </div>
   <div class='ocr_carea' id='block_1_8' title="bbox 0 0 1587 5174">
    <p class='ocr_par' dir='ltr' id='par_1_13' title="bbox 0 0 1587 5174">
     <span class='ocr_line' id='line_1_19' title="bbox 0 0 1587 5174; baseline 0 0"><span class='ocrx_word' id='word_1_125' title='bbox 0 0 1587 5174; x_wconf 95' lang='lat' dir='ltr'> </span> 
     </span>
    </p>
   </div>
  </div>
 </body>
</html>
