3150 5174
248 563 301 650 26
519 563 749 657 Castulare
771 565 826 657 de
849 569 1051 659 Domina.

243 839 1333 897 ὣῶὢὼᾣῶώᾣῶὣῶὣῶᾢῶῶῶᾣθφιῴφώὣῶὢφῶὢῶῶὼὣῶὢῶὢᾶὣῶ

244 1177 301 1225 22.
320 1160 346 1228 C
347 1183 411 1227 ertu
420 1163 557 1230 Falconis
565 1165 697 1258 Uienfis,
710 1164 951 1253 &Maurestelli
952 1169 1085 1256 fratrum
1099 1170 1137 1235 de
1149 1171 1337 1257 querimonia

615 1282 651 1346 de
668 1280 769 1370 manso
783 1282 821 1347 tle
833 1282 951 1349 Mure.

359 1600 400 1639 τι
419 1579 449 1649 Ν
468 1578 588 1653 Christi
614 1587 747 1654 nomine
774 1610 892 1655 notum
915 1585 979 1655 ess'e
1005 1584 1160 1657 omnibus
1181 1586 1340 1659 volumus

252 1601 401 1884 gh]
419 1698 513 1794 quod
532 1699 639 1773 noster
659 1703 821 1775 servorum
841 1701 1033 1774 venerabilis
1055 1700 1157 1774 abbas
1176 1702 1339 1777 dominus

245 1830 247 1837 ’
278 1821 309 1888 Ι

249 1823 283 1901 f
382 1839 397 1875 s
421 1815 552 1887 Pontius
571 1816 706 1913 quando
721 1820 868 1915 primitus
892 1817 1036 1887 Romam
1051 1820 1202 1914 perrexit,
1221 1817 1340 1917 postea

242 1952 343 2022 quam
356 1926 417 1999 fuit
431 1928 533 2002 abbas
546 1932 751 2003 consecratus
763 1931 896 2004 devenit
907 1934 941 2002 in
955 1930 1072 2004 urbem
1086 1934 1243 2004 Diensem
1257 1961 1338 2007 cum

242 2042 379 2116 domino
401 2046 563 2119 Bernardo
588 2046 807 2121 lemovicensi
824 2047 944 2120 abbate
965 2052 1000 2120 &
1020 2049 1087 2121 aliis
1100 2048 1259 2146 pluribus,
1278 2050 1340 2124 ubi

241 2159 356 2254 injuste
369 2167 549 2234 maximum
566 2164 744 2235 clamorem
757 2162 879 2235 audivit
891 2163 933 2234 de
950 2162 1047 2235 nobis
1065 2165 1237 2237 monachis
1252 2166 1341 2238 Clu-

243 2277 418 2367 nienstbus,
434 2281 492 2375 qui
508 2278 596 2376 apud
608 2277 840 2350 monasterium
856 2277 898 2349 de
912 2280 1060 2350 Domina
1072 2305 1336 2373 commoramur,

245 2394 383 2465 fulcone
391 2391 802 2466 Maurellello&Atenulf0
810 2393 844 2465 id
855 2393 1134 2492 proclamantibus
1142 2393 1342 2491 quodman-

242 2508 312 2578 sum
326 2534 428 2578 unum
442 2534 543 2605 quem
559 2507 602 2579 ad
622 2509 750 2579 Muram
763 2508 937 2597 habemus,
958 2535 1019 2581 nos
1029 2512 1075 2580 eis
1091 2508 1336 2583 auferebamus.

243 2624 355 2718 Quam
371 2626 665 2722 proclamationem
684 2629 823 2698 omnino
843 2626 907 2697 eise
920 2625 1032 2697 falsam
1048 2629 1142 2698 certis
1154 2625 1341 2700 rationibus

242 2735 413 2835 diligenter
420 2736 606 2829 didicimus3
618 2764 696 2809 nam
709 2737 911 2836 temporibus
923 2739 1024 2811 sancti
1034 2737 1188 2811 Odilonis
1198 2738 1341 2835 quidam

244 2853 426 2955 Rostagnus
440 2857 528 2927 hunc
549 2857 698 2927 mansum
711 2855 893 2929 donavit&
904 2855 1052 2927 vendidit
1065 2855 1172 2945 nobis,
1188 2882 1250 2953 pro
1267 2884 1341 2954 quo

241 2975 340 3042 ctiam
358 2998 461 3043 unum
477 2973 632 3043 clericum
649 2997 806 3069 nepotem
820 2973 912 3042 suum
925 2971 968 3042 ad
980 2998 1081 3068 quem
1094 2975 1222 3070 proprie
1240 2976 1276 3044 &
1293 3001 1339 3046 ex

242 3091 434 3184 antiquitate
447 3089 499 3159 hic
509 3089 639 3159 mansus
647 3090 802 3185 pertinuit
813 3086 856 3158 ad
869 3088 1073 3159 monachum
1086 3087 1270 3161 Cluniacus
1284 3116 1340 3162 re-

241 3209 341 3302 cepit,
363 3211 397 3278 ὅ(
415 3233 455 3277 ex
475 3207 535 3277 illis
552 3205 667 3278 diebus
687 3205 806 3278 domus
824 3204 866 3276 de
884 3208 1031 3279 Domina
1042 3209 1134 3278 illum
1146 3206 1290 3305 possedit
1304 3215 1340 3283 &

243 3323 357 3392 tenuit.
368 3319 1227 3421 Huncigiturinjustecalumniantes,utpraediximus,
1238 3323 1341 3398 Fulco

243 3439 276 3506 &
285 3433 503 3509 Maurestellus
512 3436 673 3529 adjunctis
685 3438 796 3509 secum
809 3434 982 3508 Diensrbus
991 3438 1201 3508 canonicis&
1210 3437 1342 3511 civibus

243 3576 303 3647 pro
326 3552 387 3623 hac
401 3550 571 3623 occasione
585 3550 696 3624 fratres
714 3550 838 3626 nostros
859 3553 1041 3624 monachos
1057 3551 1265 3643 Clunienses,
1280 3560 1343 3653 qui

244 3692 300 3763 per
317 3670 481 3740 civitatem
498 3695 612 3738 eorum
634 3667 810 3740 transibant
837 3668 1000 3739 multoties
1020 3667 1176 3765 persecuti
1194 3668 1282 3758 sunt,
1304 3676 1344 3744 &

243 3809 301 3852 eos
311 3785 357 3853 ita
373 3807 560 3881 arroganter
567 3785 761 3870 invaserunt,
775 3806 810 3851 ut
820 3780 978 3877 quosdam
991 3808 1031 3853 ex
1046 3785 1092 3853 eis
1109 3780 1152 3853 ab
1168 3785 1261 3878 equis
1277 3782 1343 3857 de·

243 3901 391 3989 jecerint,
406 3903 441 3969 &
457 3899 566 3969 secum
587 3925 644 3969 eos
664 3894 862 3984 abstulerint,
882 3898 1050 3993 multaque
1076 3898 1138 3968 alia
1157 3897 1343 3994 opprobria

245 4014 290 4081 eis
311 4011 459 4083 fecerint.
480 4013 636 4108 Cumque
650 4009 804 4083 dominus
825 4012 954 4082 Pontius
971 4010 1074 4083 abbas
1091 4012 1339 4106 cluniacense,

246 4150 281 4196 ut
301 4126 450 4216 diximus,
467 4127 546 4198 esset
563 4130 595 4196 in
611 4130 738 4197 civitate
753 4124 863 4197 Dienst
880 4129 912 4196 in
927 4129 1013 4197 curia
1027 4125 1153 4197 domini
1166 4126 1346 4200 lsmidonis
