3150 5174
250 564 270 622 2
519 529 749 622 Cartulare
772 527 826 620 de
848 529 1050 620 Domina.

244 799 335 871 patre
351 799 467 844 eorum
483 770 629 844 Rodulfo
645 798 723 843 cum
740 773 799 843 suis
815 768 1032 869 appendiciis,
1051 793 1129 839 cum
1149 764 1287 837 decimis
1299 768 1335 837 δι

245 888 483 978 oblationibus,
496 894 531 962 ἃ
542 889 697 962 omnibus
706 915 780 984 quae
792 887 836 960 ad
847 887 1001 960 eamdem
1012 887 1174 983 pertinere
1180 881 1337 954 videntur

243 1003 425 1077 ecclesiam.
444 1008 597 1077 Praeterea
606 1005 768 1102 capellam
778 1002 898 1075 castelli
907 1005 940 1073 in
955 1002 1082 1073 honore
1094 997 1182 1070 beati
1192 995 1337 1070 Andreae

243 1123 278 1191 ἃ
299 1120 527 1217 sponsalicium
548 1118 693 1212 ejusdem
715 1119 861 1216 capellae,
888 1120 924 1189 δι
949 1115 1134 1188 oblationes
1156 1113 1334 1184 hominum

243 1234 326 1305 infra
343 1260 473 1332 portam
485 1232 605 1306 castelli
621 1237 913 1307 commorantium.
935 1230 985 1303 lili
1002 1233 1113 1327 itaque
1130 1253 1192 1300 tres
1204 1227 1332 1316 fratres,

243 1350 362 1421 scilicet
381 1348 536 1421 dominus
553 1348 728 1444 Aynardus
744 1352 778 1420 dt
797 1347 951 1421 dominus
969 1346 1082 1444 Vuigo
1106 1348 1141 1416 ἀ
1158 1341 1337 1414 Atenulfirs

244 1491 405 1536 unacum
422 1462 559 1536 domina
577 1463 774 1536 Helirabeth
805 1489 903 1535 uxore
921 1460 1069 1556 Aynardi
1085 1459 1289 1532 devoverunt
1302 1457 1336 1529 se

243 1582 277 1650 in
295 1581 463 1677 praesentia
479 1580 709 1678 episcoporum
733 1582 791 1674 qui
818 1577 1010 1666 adfuerunt,
1034 1573 1185 1649 videlicet
1204 1572 1336 1645 domini

242 1693 433 1795 leodegarii
449 1700 503 1791 (4)
525 1698 760 1795 archiepiscopi
772 1692 981 1784 Viennensis,
1002 1692 1130 1765 domini
1143 1691 1265 1764 Ebonis
1276 1693 1335 1789 (5)
1376 1742 1382 1759 .

242 1810 283 1883 de
291 1809 494 1901 Tarentasta,
504 1837 603 1908 atque
614 1812 743 1885 domini
755 1812 971 1883 Winimanni
980 1805 1269 1904 (6)Eburdinensrs
1278 1811 1336 1901 (7)

241 1927 494 2025 archiepiscopi,
516 1955 661 2001 necnon
679 1932 714 2000 ὅ(
730 1926 859 1999 domini
877 1925 1002 1999 Artaldi
1015 1926 1070 2018 (8)
1082 1924 1337 2022 Gratianopoli-

243 2043 311 2110 tani
327 2040 485 2137 episcopi,
506 2067 679 2137 nunquam
695 2039 828 2112 daturos
846 2041 943 2111 alicui
966 2040 1153 2111 sanctorum
1177 2061 1241 2108 nec
1260 2038 1336 2108 cui-

242 2181 342 2251 quam
357 2156 532 2227 hominum
549 2158 741 2228 clericorum
754 2152 817 2228 slve
829 2155 991 2228 laicorum
1004 2153 1129 2252 aliquid
1149 2151 1190 2224 de
1206 2153 1256 2223 his
1275 2177 1335 2224 ec·

242 2266 343 2340 clestis
355 2296 436 2365 quas
447 2268 645 2358 retinebant,
662 2296 724 2342 nec
743 2272 922 2365 quicquam
939 2270 1083 2339 omnino
1100 2265 1140 2338 de
1157 2268 1252 2338 omni
1265 2266 1336 2339 cle-

241 2382 329 2453 ricali
352 2383 408 2454 suo
427 2383 553 2454 honore
572 2381 630 2454 nist
648 2383 787 2481 praefatis
804 2381 958 2482 apostolis
974 2381 1019 2454 ad
1034 2380 1230 2454 coenobium
1247 2381 1336 2453 Clu-

244 2497 393 2569 niacense
410 2500 445 2568 &
462 2499 635 2569 monachis
652 2501 686 2570 in
703 2497 751 2570 ibi
765 2499 839 2570 Deo
856 2495 1112 2585 famulantibus3
1129 2522 1228 2594 porro
1243 2520 1336 2569 terrae

242 2609 307 2684 istae
324 2611 509 2684 coenobioli
521 2616 668 2711 primitus
680 2613 724 2686 ad
740 2612 1007 2686 sustentationem
1024 2612 1158 2684 fratrum
1177 2614 1337 2710 omnipo-

244 2728 325 2798 tenti
343 2728 417 2798 Deo
435 2727 489 2798 hic
509 2728 715 2800 servientium
734 2727 871 2817 traditae,
891 2729 1038 2800 &vinea
1054 2733 1144 2819 juxta
1160 2723 1336 2799 ecclesiam

243 2837 314 2928 sita,
333 2844 368 2912 ἀ
387 2865 469 2912 terra
485 2840 642 2937 usquead
659 2842 776 2913 Isaram
792 2839 943 2929 fluvium,
966 2843 1001 2911 ἃ
1018 2838 1095 2913 stlva
1111 2864 1182 2912 tota
1193 2841 1281 2913 circa
1293 2845 1336 2913 ri·

243 2983 321 3053 pam
334 2955 480 3049 ejusdem
495 2955 652 3049 fluminis,
667 2962 702 3030 ἃ
712 2959 821 3030 inalio
838 2961 914 3031 loco
926 2959 1077 3055 Campus
1087 2954 1263 3028 Rotundus
1272 2983 1337 3030 no-

243 3074 406 3161 minatus,
426 3076 460 3144 &
477 3099 607 3171 pratum
623 3082 714 3164 juxta
732 3075 848 3146 lsaram
865 3077 900 3145 ἀ
919 3076 953 3145 in
973 3074 1156 3144 Dominam
1171 3069 1312 3144 fluvium
1322 3129 1333 3162 ,

243 3186 472 3259 molendinum
492 3192 526 3260 dt
548 3189 781 3261 battenterium
798 3193 832 3261 δι
851 3190 1003 3261 curtilum
1024 3214 1128 3259 unum
1150 3214 1171 3258 a
1191 3186 1335 3260 domino

242 3302 398 3400 Vuigone
416 3302 590 3376 donatum.
613 3306 648 3377 ln
665 3303 807 3377 Tedesro
824 3304 999 3377 dimidium
1016 3301 1184 3393 mansum3
1205 3306 1241 3375 in
1258 3304 1337 3375 villa

244 3418 375 3514 frotgas
397 3416 583 3490 bordarium
602 3446 721 3509 unam3
741 3421 775 3490 in
793 3444 908 3492 monte
927 3418 1026 3490 follet
1042 3415 1216 3488 dimidium
1232 3444 1334 3492 man·

241 3531 329 3619 sum3
343 3533 377 3601 in
394 3556 510 3603 monte
526 3533 695 3606 Vuarcino
712 3534 863 3605 mansum
885 3559 1007 3621 unum;
1030 3533 1064 3602 in
1087 3531 1181 3603 Valle
1197 3531 1334 3607 Navifio

243 3644 392 3715 mansum
420 3671 535 3716 unum.
569 3647 604 3717 ln
627 3644 786 3719 Matastna
811 3647 855 3719 ad
875 3648 1021 3735 Muram,
1053 3646 1203 3717 mansum
1226 3673 1334 3720 unum

244 3784 423 3856 magnum,
442 3785 503 3857 pro
520 3788 587 3857 quo
602 3789 705 3833 unum
717 3763 872 3834 clericum
884 3761 928 3833 ad
939 3788 1121 3834 monacum
1133 3763 1331 3859 recepimus,

243 3874 277 3942 δι
298 3875 427 3971 iusuper
449 3898 611 3947 trecentos
635 3876 754 3949 solidos
778 3879 861 3950 ultra
877 3880 911 3950 in
929 3904 970 3949 eo
988 3876 1149 3949 dedimus.
1170 3877 1205 3947 ln
1223 3876 1334 3950 Cam-

242 3989 335 4062 sauro
352 3993 483 4064 mansos
501 3991 584 4065 duos
609 3998 644 4066 ἃ
669 3994 856 4085 dimidium,
879 4000 914 4068 ἂ
935 3994 1178 4085 molendinum,
1205 3996 1338 4069 &alias

246 4129 351 4176 terras.
375 4108 409 4178 ln
423 4108 548 4206 Tregas
565 4108 736 4183 ecclesiam
753 4113 786 4182 in
805 4112 941 4183 Herone
959 4111 1033 4184 villa
1050 4113 1084 4181 dt
1101 4109 1254 4181 curtilum
1272 4109 1335 4184 bo
