3150 5174
342 562 441 636 Index
455 564 604 635 locorum
617 562 661 634 ad
674 563 766 635 usum
780 567 957 639 Cartulaiis
970 565 1011 638 de
1026 569 1185 639 Domina.
1241 568 1309 668 389

249 767 344 814 serium.
357 768 384 813 Et
397 767 431 814 isti
444 767 552 829 praedicti
564 769 675 815 homines
687 767 749 815 sece-

249 862 305 901 runt
315 856 396 901 venire
410 853 560 900 Gualteriurn
577 853 657 901 daban
674 862 696 900 ti
710 854 749 900 Ri-

248 939 367 985 chardum
384 939 416 985 de
431 939 514 986 Monte
526 938 597 999 Eisut,
608 946 630 984 u
640 938 750 985 secerunt

250 1026 354 1089 Guigoni
371 1025 487 1071 converso
504 1027 526 1070 in
541 1025 628 1085 'primis
641 1024 749 1071 dividere

248 1111 310 1158 duas
321 1110 480 1158 condaminas
494 1124 549 1171 quae
568 1110 619 1156 sunt
628 1111 695 1172 juxta
707 1124 749 1156 ec-

249 1197 344 1244 clesiam
363 1197 440 1245 Sandi
461 1196 563 1244 Videris
582 1196 615 1243 de
635 1196 747 1243 Meioian.

250 1283 293 1345 ipsi
309 1283 413 1347 Guigoni
430 1282 539 1329 iecerunt
551 1282 659 1329 dividere
674 1290 695 1329 u
712 1283 723 1329 s
738 1308 749 1317 ·

249 1372 291 1417 ciis
302 1370 357 1430 suis,
367 1369 473 1416 &divisit
484 1370 519 1416 eis
529 1371 610 1435 Guigo
621 1376 642 1415 tr
651 1368 706 1415 socii
717 1367 749 1414 sui

248 1457 355 1518 prredisii
367 1454 429 1502 iilam
439 1457 534 1518 peciam
543 1455 574 1502 de
583 1462 647 1502 terra
655 1454 750 1516 quaeest

250 1543 319 1605 super
331 1544 395 1589 viam
406 1557 461 1604 quce
472 1543 552 1607 pergit
561 1542 592 1588 ad
605 1542 675 1588 aneu
685 1550 705 1587 si
716 1539 750 1587 esi

250 1628 317 1690 supra
336 1629 508 1675 condaminam
522 1629 626 1688 comitis,
643 1628 750 1675 &divisit

250 1717 285 1762 eis
302 1729 387 1762 omnes
400 1724 479 1775 ortos,
497 1714 556 1761 sicut
573 1716 620 1760 exit
639 1729 702 1775 aqua
718 1714 750 1760 de

250 1810 324 1862 puteo
343 1809 363 1847 u
379 1801 430 1847 siuit
448 1800 564 1862 usquead
579 1800 715 1847 Charitium
729 1808 751 1847 ti

250 1887 324 1949 usque
334 1888 365 1933 ad
379 1888 524 1934 cimiterium
534 1887 657 1949 praedittae
671 1886 750 1934 eccle-

251 1974 315 2021 siaeti
324 1974 380 2020 sicut
390 1974 475 2020 dividit
484 1981 551 2020 ortus
562 1973 673 2035 Bernardi
684 1973 750 2035 [spe

251 2059 282 2106 iiti
299 2061 340 2120 qui
353 2059 387 2106 est
399 2061 503 2107 comitis.
523 2059 550 2105 Et
564 2059 607 2106 bas
623 2060 750 2122 praedisias

250 2149 373 2208 portiones
383 2146 493 2193 videlicet
505 2155 595 2193 terram
605 2161 680 2207 quam
688 2146 750 2193 dixi-

250 2248 304 2280 mus
319 2234 389 2295 super
402 2235 465 2280 viam
479 2249 535 2294 quae
548 2235 629 2297 pergit
638 2233 669 2279 ed
680 2234 749 2280 Biveu

250 2329 271 2367 tt
281 2328 348 2367 ortos
359 2319 416 2366 sicut
428 2334 470 2367 eos
479 2321 666 2382 praenotavimus
675 2320 749 2381 usque

250 2408 280 2454 ad
293 2407 449 2454 cimiterium.
461 2406 519 2453 Misit
531 2406 613 2470 Guigo
623 2407 749 2453 conversus

251 2502 272 2540 ii
291 2493 346 2541 socii
364 2493 395 2539 sui
414 2507 469 2539 curn
491 2492 637 2539 condamina
650 2492 749 2553 quaeest

250 2580 329 2627 versus
346 2581 503 2626 Boeoironem
520 2577 566 2625 sive
581 2586 665 2625 contra
676 2593 749 2625 occa-

251 2669 301 2713 sum
312 2666 364 2713 soiis
372 2665 457 2712 &sicut
466 2667 514 2711 exit
524 2665 560 2711 via
570 2665 601 2711 de
612 2664 664 2712 vilia
674 2665 749 2712 Meie-

251 2754 308 2799 ianis
326 2756 387 2799 inter
402 2752 463 2798 duas
480 2751 646 2810 condaminas,
663 2751 749 2797 scilicet

251 2839 347 2886 istarum
369 2837 404 2901 (i)
424 2837 526 2883 duarum
547 2837 748 2883 condaminarum

250 2940 305 2986 quae
321 2926 343 2970 in
363 2925 409 2970 iiac
424 2923 550 2984 scriptione
570 2923 708 2969 dividuntur
728 2931 749 2969 dt

251 3027 295 3073 per
308 3011 416 3057 medium
429 3008 533 3055 cresium
546 3017 567 3055 tt
582 3009 659 3055 tendit
676 3009 749 3070 usque

252 3098 282 3143 ad
296 3112 368 3143 unam
383 3095 497 3141 arborem
507 3110 562 3156 qua?
572 3103 671 3141 vocatur
681 3095 750 3142 asbus

251 3185 329 3247 spinus
343 3192 364 3230 tr
378 3183 501 3229 descendit
516 3184 537 3227 in
557 3181 654 3228 stratam
670 3181 749 3243 publi-

251 3285 314 3329 cam,
326 3284 380 3330 qum
390 3268 462 3314 strato
472 3269 551 3331 pergit
560 3267 639 3313 versus
648 3267 748 3313 Romam

251 3366 272 3403 tt
289 3357 320 3402 ad
339 3355 449 3402 §austum
472 3354 602 3401 Jocobum.
622 3354 680 3401 inde
699 3355 750 3400 sunt

251 3442 339 3504 praefixi
354 3442 458 3487 termini.

285 3529 379 3575 Deinde
396 3528 476 3591 Guigo
493 3525 620 3572 conversus
634 3525 691 3571 dixit
704 3528 748 3572 iio-

251 3615 355 3661 ininibus
370 3615 465 3661 comitis
479 3621 502 3659 ut
522 3612 638 3676 eligerent
654 3619 748 3673 partem

251 3701 377 3747 meliorem
392 3715 421 3746 ex
438 3698 533 3746 duabus
548 3698 698 3745 condominis
715 3698 749 3743 di-

251 3789 300 3834 risis
311 3803 384 3848 quani
399 3785 483 3832 vellent
501 3786 620 3846 accipere.
637 3784 678 3845 Ipsi
691 3801 748 3831 vero

239 4191 259 4227 'ij
273 4189 323 4222 solio
335 4196 401 4220 uitii.

237 4251 258 4286 :tj
275 4248 287 4279 tt
300 4257 306 4287 ‚i
319 4258 328 4280 a
340 4256 362 4280 tt't
374 4248 384 4278 ‘t
397 4247 439 4280 out
453 4250 501 4279 mota
511 4245 581 4285 :initis
592 4246 637 4279 dana
648 4244 739 4286 inirginal

810 768 897 816 scilicet
917 771 1027 818 homines
1046 772 1141 818 comitis
1161 779 1309 834 acceperunt

809 855 980 903 condaminam
996 859 1115 922 integram
1129 857 1209 905 versus
1217 857 1310 920 aquilo-

809 956 865 988 nem
885 942 931 988 sive
947 951 1031 990 contra
1046 943 1170 991 ecclesiam
1182 944 1214 992 de
1229 945 1309 992 Riveu.

810 1026 893 1075 Postea
905 1030 1015 1077 homines
1028 1011 1136 1091 predisii
1148 1031 1243 1076 comitis
1252 1031 1310 1076 divi-

809 1113 888 1161 serunt
904 1114 961 1161 alias
978 1114 1038 1161 duas
1054 1115 1226 1176 condaminas,
1246 1113 1309 1161 iiiam

809 1199 897 1247 scilicet
905 1199 1130 1262 deU1m0,aittam
1138 1201 1308 1248 condaminam

809 1299 866 1347 quoe
882 1285 917 1334 est
935 1286 967 1334 ad
986 1285 1134 1347 Corbonan,
1149 1302 1204 1349 qiiae
1219 1287 1271 1333 sunt
1286 1288 1309 1332 in

810 1373 938 1436 parrochia
951 1374 1027 1421 Sansti
1038 1374 1149 1420 Himerii.
1161 1373 1242 1420 Habet
1252 1387 1309 1420 vero

810 1458 1308 1521 episcopusiilamcondaminamdeUimo‚

810 1559 894 1592 comes
904 1553 986 1593 autern
997 1544 1061 1592 iiiam
1073 1545 1105 1593 de
1117 1545 1259 1593 Corbonan.
1267 1546 1310 1592 Po

811 1629 859 1678 steri
868 1645 926 1679 vero
934 1632 1061 1694 episcopus
1071 1640 1092 1679 ιι
1101 1646 1185 1679 coines
1195 1630 1262 1678 istam
1272 1633 1310 1679 di-

812 1716 926 1764 visionem
937 1717 1038 1765 sinniter
1048 1726 1175 1766 tenuerunt
1187 1716 1222 1780 (2)
1227 1753 1309 1764 ........

811 1801 847 1868 (3)
860 1802 959 1850 Habent
974 1818 1079 1865 namque
1093 1806 1155 1851 inter
1169 1803 1309 1866 episcopum

811 1895 832 1934 a
850 1891 965 1936 comitem
983 1904 1057 1936 unum
1075 1898 1172 1952 pratum
1189 1891 1308 1951 optimum

811 1977 974 2022 communiter
992 1976 1059 2038 juxta
1080 1974 1205 2023 ecclesiam
1233 1976 1308 2028 sandi

810 2059 945 2108 Clementis
954 2061 999 2108 sive
1005 2075 1083 2123 prope
1093 2061 1183 2108 flumen
1192 2062 1275 2122 Dravi,
1288 2069 1309 2108 er

810 2146 902 2193 debent
911 2145 967 2193 iliud
977 2154 1074 2208 pratum
1084 2146 1178 2194 seccare
1190 2142 1252 2212 (fic)
1263 2149 1308 2195 ho·

810 2234 887 2280 mines
900 2232 932 2279 de
950 2231 1075 2280 Fontanils.
1092 2232 1209 2283 Videlicet
1226 2233 1310 2281 sexde-

809 2319 857 2364 cim
877 2317 969 2365 debent
988 2317 1036 2365 esse
1053 2317 1156 2365 sessores
1173 2327 1194 2364 st
1212 2327 1307 2380 pratum

810 2404 885 2452 debet
899 2403 992 2450 habere
1005 2402 1068 2450 illam
1079 2404 1271 2468 magnitudinem
1284 2413 1309 2450 ut

810 2506 854 2552 per
862 2500 911 2538 tres
920 2490 972 2536 dies
979 2490 1070 2554 jugiter
1078 2489 1196 2536 sexdecim
1207 2489 1309 2536 sederes

809 2585 941 2639 operentur
949 2575 996 2622 sine
1003 2573 1083 2637 aliquo
1091 2573 1167 2634 lucro,
1176 2575 1216 2621 sed
1224 2575 1306 2621 cibum

810 2663 902 2710 debent
917 2662 1009 2709 habere
1019 2662 1182 2708 communiter
1191 2669 1212 2707 tt
1222 2670 1307 2722 potunt

809 2751 841 2796 de
858 2750 924 2796 dono
940 2750 1035 2795 comitis
1050 2756 1072 2794 tt
1087 2748 1119 2794 de
1135 2747 1201 2793 dono
1215 2747 1307 2809 episeo-

810 2834 876 2899 pi(4)
881 2869 962 2882 ........
971 2831 1308 2894 boscusquivocaturAuiane

810 2923 972 2969 communiter
983 2920 1075 2968 liabent
1088 2922 1149 2967 inter
1162 2921 1276 2968 comitem
1288 2929 1309 2967 ti

809 3009 948 3072 episcopum
966 3016 987 3055 a
1005 3007 1068 3073 ligna
1085 3007 1144 3055 dum
1164 3007 1195 3055 ibi
1215 3009 1308 3054 inventa

810 3095 906 3156 suerint,
915 3094 1024 3157 &postea
1035 3104 1098 3142 terra
1109 3093 1235 3156 postquam
1246 3094 1307 3159 ligna

809 3183 868 3229 caesa
880 3182 966 3229 suerint
978 3184 1040 3228 inter
1052 3181 1192 3243 episcopum
1202 3189 1223 3227 tr
1236 3182 1310 3228 corni·

810 3276 859 3315 tem
869 3269 1032 3314 communiter
1040 3265 1116 3314 debet
1125 3282 1260 3329 remanere,
1271 3282 1310 3314 ex·

809 3363 881 3416 cepto
890 3367 991 3415 campus
1000 3355 1040 3415 qui
1051 3362 1152 3401 vocatur
1162 3354 1258 3401 Pratum
1268 3355 1309 3399 Ai-

808 3435 877 3487 n'ardi
890 3439 974 3501 quiesi
985 3440 1017 3486 de
1026 3440 1140 3502 episcopo
1150 3439 1197 3487 sine
1208 3440 1305 3487 comite.

810 3526 894 3573 Roseus
903 3528 943 3588 qui
953 3534 1053 3573 vocatur
1062 3527 1138 3574 Morta
1148 3525 1266 3573 medietas
1273 3525 1307 3572 est

810 3614 871 3659 inter
884 3614 998 3660 comitem
1009 3621 1029 3658 ει
1039 3613 1189 3675 episcopum,
1196 3612 1240 3658 aliu
1249 3625 1306 3657 vero

808 3699 927 3747 medietas
935 3699 969 3746 est
978 3700 1010 3747 de
1019 3699 1070 3747 fiiiis
1080 3697 1201 3745 tanzsredi
1211 3698 1242 3743 de
1250 3697 1308 3744 Moi·
1364 3685 1366 3688 ¹

809 3800 890 3831 renco.
904 3786 1056 3832 Coudamina
1073 3785 1105 3831 de
1117 3785 1179 3830 Vorz
1198 3782 1232 3829 est
1246 3785 1306 3828 inter

794 4184 818 4223 sil
831 4183 855 4214 i'·
866 4184 891 4218 du
902 4185 945 4218 totio
956 4190 1023 4217 irrui.

796 4242 819 4281 isi
831 4242 845 4276 11
855 4252 864 4284 ‚r
876 4253 884 4276 a
896 4252 919 4278 ici
932 4251 967 4276 une
978 4243 1028 4284 tigne
1040 4247 1063 4273 en
1075 4238 1128 4274 bitur
1140 4238 1186 4274 dani
1197 4238 1296 4282 suricinii.
