3150 5174
518 508 750 600 Cartulare
772 508 826 599 de
848 503 1051 600 Domina.
1245 514 1322 634 263

246 683 519 690 -.—-.--—-—-—.--
529 685 847 692 ——-—-—-——-—-
1080 686 1285 695 ————-....-.

241 752 280 821 rii
296 751 330 820 δι
348 750 501 822 Richardi
524 753 665 824 Viennae
686 752 770 824 duos
798 751 916 825 solidos
942 757 977 825 δι
1000 779 1101 823 unam
1123 755 1281 853 gallinam
1301 762 1336 829 ὅ(

241 864 437 935 saumerium
451 892 567 936 unum.
585 868 715 939 Domus
727 867 869 939 filiorum
882 869 963 939 Petri
976 868 1129 966 Hotgerii
1144 895 1247 965 prope
1261 897 1335 941 mo-

242 977 419 1050 nasterium
435 978 520 1052 duos
537 980 735 1054 denarios&
749 1008 853 1053 unum
870 982 1020 1055 obolum.
1044 983 1170 1054 Hortus
1191 982 1338 1055 Foldmdi

242 1092 421 1165 duodecim
453 1094 617 1168 denarios.
645 1095 791 1168 feudum
814 1095 984 1169 Oddonis·
993 1098 1157 1170 hortulani
1175 1096 1215 1168 de
1234 1101 1337 1169 Perre-

241 1220 309 1305 reja
326 1211 504 1284 duodecim
522 1212 722 1286 denarios&
739 1240 840 1285 unam
856 1215 1025 1314 gallinam.

291 1348 327 1424 9.
348 1327 544 1400 Notandum
556 1357 634 1402 vero
652 1328 744 1426 quod
760 1333 907 1428 quinque
924 1331 1110 1401 casamenta
1127 1327 1288 1402 habemus
1301 1335 1334 1402 in

153 1501 156 1505 ,
242 1444 373 1542 Burgo:
398 1442 439 1514 de
458 1470 525 1516 uno
543 1446 622 1516 facit
641 1445 837 1516 Guillelmus
854 1444 1011 1517 Chatboz
1025 1471 1146 1517 novem
1164 1445 1333 1535 denarios3
1435 1483 1440 1492 ·

243 1557 285 1630 de
311 1559 412 1631 altero
435 1561 598 1632 Oliverius
615 1560 657 1633 de
674 1561 807 1633 Revello
828 1562 880 1633 sex
903 1560 1076 1651 denarios;
1095 1560 1136 1633 de
1154 1563 1218 1635 alio
1239 1564 1336 1634 Guil-

240 1675 358 1744 lelmus
376 1675 501 1747 Bezons
518 1673 693 1747 duodecim
712 1675 885 1765 denarios;
908 1675 949 1747 de
971 1700 1088 1774 quarto
1105 1677 1221 1775 Guigo
1239 1679 1335 1750 Rosla

242 1814 322 1861 octo
335 1787 487 1861 denarios
499 1823 508 1880 3
523 1789 565 1861 de
579 1794 696 1886 quinto
714 1818 794 1862 uxor
810 1792 966 1888 Stephani
979 1789 1113 1884 Majesta
1124 1816 1264 1888 quatuor
1276 1791 1336 1862 de-

242 1907 365 1976 narios.
393 1905 508 2004 Guigo
532 1906 630 1976 Rolla
646 1933 707 2003 pro
724 1905 869 2003 quadam
892 1908 989 1978 vinea
1009 1904 1050 1977 de
1072 1908 1167 1978 Portu
1190 1909 1336 2005 quinque

157 2008 163 2018 ⁸
243 2019 406 2092 denarios.
425 2022 533 2091 Petrus
551 2022 647 2092 lahet
666 2021 750 2093 duos
772 2021 890 2094 solidos
912 2021 952 2094 de
970 2049 1011 2094 eo
1028 2021 1121 2118 quod
1134 2026 1267 2094 tenetin
1280 2050 1336 2094 eo

243 2134 322 2206 dem
342 2137 429 2208 loco.
450 2137 630 2209 Richatdus
656 2139 779 2209 Manne
799 2142 834 2209 in
852 2137 971 2210 eodem
987 2140 1063 2210 loco
1084 2137 1260 2210 duodecim
1282 2138 1337 2210 de-

243 2253 364 2322 narios.
387 2247 538 2323 ⁷Albettus
552 2252 593 2323 de
610 2253 754 2350 quadam
770 2252 926 2326 tenedura
938 2257 1085 2351 quinque
1099 2253 1233 2342 solidos,
1249 2258 1283 2324 ὅ(
1294 2254 1335 2325 de

242 2365 391 2462 quodam
408 2394 501 2464 prato
519 2366 602 2439 duos
619 2369 740 2440 scilicet
755 2369 866 2440 caseos
883 2367 1026 2441 duorum
1041 2367 1229 2440 solidorum.
1243 2369 1337 2439 Guil-

240 2481 359 2552 lelmus
372 2482 492 2554 Ravers
504 2509 566 2579 pro
583 2509 704 2579 campo
722 2481 764 2554 de
781 2484 954 2554 Charreria
971 2508 1112 2580 quatuor
1124 2481 1253 2554 solidos.
1268 2482 1336 2554 Ste-

242 2596 373 2691 phanus
397 2600 428 2667 P.
456 2598 579 2690 Mayno
603 2597 644 2667 de
665 2599 766 2669 vineis
790 2624 852 2669 tres
878 2597 997 2670 solidos
1023 2602 1058 2670 ἃ
1084 2622 1146 2668 tres
1171 2596 1331 2669 denarios.

244 2711 350 2809 Hugo
364 2710 470 2780 Mulez
482 2738 542 2807 pro
559 2735 652 2807 prato
666 2711 707 2781 de
725 2712 865 2783 Saliceto
878 2709 1056 2783 duodecim
1073 2710 1234 2782 denarios.

297 2850 350 2896 ιο.
372 2826 567 2896 Guillelmus
584 2828 694 2897 Barrat
708 2831 743 2897 ἃ
758 2826 915 2897 Girardus
928 2829 1049 2897 Betons
1062 2853 1203 2924 quatuor
1217 2827 1335 2899 solidos

244 2946 278 3011 ἃ
293 2939 467 3011 dimidium
484 2967 544 3036 pro
563 2940 710 3036 quodam
724 2967 844 3037 campo
864 2947 897 3013 ὅ(
913 2945 1021 3013 vinea.
1046 2941 1136 3012 Uxor
1156 2944 1234 3012 Petri
1251 2943 1334 3012 Lan-

243 3058 307 3125 ceti
324 3081 384 3150 pro
402 3054 559 3125 tenedura
581 3056 704 3152 Campi
727 3054 875 3126 Rotundi
892 3054 976 3126 duos
994 3052 1164 3126 solidos&
1181 3080 1259 3126 octo
1279 3053 1335 3125 de-

244 3174 362 3242 narios.
384 3172 498 3241 Girarz
515 3173 635 3243 Betons
648 3170 689 3242 de
709 3169 866 3243 tenedura
883 3172 1006 3267 Campi
1024 3167 1171 3241 Rotundi
1183 3195 1246 3241 tres
1263 3170 1335 3242 soli-

243 3286 316 3357 dos.
338 3287 454 3384 Cuigo
475 3286 646 3384 Guasguet
669 3289 703 3356 in
728 3288 863 3381 Campo
883 3282 1041 3356 Rotundo
1064 3282 1147 3356 duos
1163 3284 1282 3357 solidos
1300 3291 1334 3357 δ(

242 3428 321 3473 octo
334 3401 493 3473 denarios.
509 3401 599 3474 Uxor
611 3404 750 3474 Thionis
764 3401 804 3472 de
814 3429 855 3473 eo
868 3399 960 3497 quod
975 3426 1065 3472 tenet
1076 3405 1109 3472 in
1124 3403 1258 3499 Campo
1270 3404 1335 3474 Ro-

244 3519 349 3591 tundo
371 3519 533 3591 sexdecim
556 3518 716 3589 denarios.
741 3521 847 3590 Petrus
868 3517 908 3588 de
930 3518 1050 3589 Venun
1067 3520 1099 3587 in
1118 3517 1238 3590 eodem
1258 3520 1333 3590 loco

244 3634 327 3707 duos
345 3634 463 3706 solidos
481 3640 515 3707 δι
533 3659 611 3705 octo
637 3631 798 3704 denarios.
824 3633 986 3730 Asptellus
1000 3632 1084 3704 duos
1095 3632 1214 3705 solidos
1227 3636 1259 3703 in
1274 3662 1333 3705 eo-

115 3744 124 3769 ²
243 3749 319 3820 dem
337 3750 424 3821 loco.
439 3751 502 3819 Filii
521 3751 600 3819 Petri
619 3750 770 3846 Hotgetii
788 3747 966 3819 duodecim
981 3745 1130 3819 denarios
1146 3751 1180 3818 in
1198 3748 1332 3843 Campo

244 3864 412 3937 Rotundo.
439 3865 623 3961 Stephanus
641 3863 818 3933 Raimundi
835 3862 1012 3949 duodecim
1030 3861 1180 3933 denarios
1197 3860 1238 3932 de
1255 3888 1333 3957 qua-

242 3981 319 4050 dam
334 3983 441 4051 vinea.
455 3980 487 4049 li
498 3981 631 4050 Bretons
644 3978 761 4049 decem
772 3983 895 4050 &octo
909 3976 1059 4048 denarios
1071 4003 1131 4073 pro
1144 3976 1331 4046 casamento

109 4094 114 4099 ⁵
242 4101 438 4191 vineaeque
460 4093 558 4167 estin
587 4096 693 4192 Burgo
717 4099 750 4166 δε
777 4094 818 4165 de
848 4094 981 4167 dimidia
1003 4090 1102 4165 colla.
1130 4091 1332 4164 Humbertus
