3150 5174
259 550 308 641 16
525 543 756 634 Cartulare
777 540 832 633 de
854 546 1056 634 Domina.

247 797 281 862 ἅ
299 791 390 862 bona
400 790 582 873 voluntate,
603 784 669 856 stne
682 789 776 857 omni
790 786 914 876 fraude,
933 795 1002 879 jure
1015 813 1176 885 perpetuo
1193 788 1342 863 ecclesrae

246 907 391 1002 ejusdem
413 901 623 977 Dominensrs
640 902 844 995 monasterii,
865 931 925 1001 pro
938 907 1049 976 anima
1062 930 1149 993 mea,
1165 910 1199 976 δι
1216 932 1341 1003 paren-

246 1051 316 1095 tum
338 1048 500 1111 meorum,
521 1024 554 1090 ὅ(
576 1023 732 1116 promitto
757 1017 896 1091 domino
913 1020 1049 1091 Vulrico
1068 1024 1122 1114 (1)
1139 1023 1236 1092 Priori
1252 1023 1341 1114 ejus-

246 1139 323 1210 dem
331 1135 519 1209 monasterii
531 1134 713 1228 adjutorem
727 1140 761 1206 δε
774 1133 978 1206 defensorem
989 1137 1023 1205 in
1038 1160 1199 1232 quantum
1210 1137 1342 1234 poffem

245 1279 361 1326 contra
377 1280 494 1324 omnes
508 1253 672 1340 homines,
688 1255 722 1321 &
733 1250 809 1322 ideo
828 1251 920 1348 supra
937 1250 1044 1322 dictus
1058 1255 1143 1323 Prior
1153 1251 1246 1323 dedit
1255 1255 1341 1324 mihi

245 1371 418 1466 octoginta
436 1365 566 1438 solidos.
586 1368 717 1436 Pactum
730 1364 776 1436 est
792 1390 904 1437 autem
920 1366 986 1437 hoc
1005 1365 1134 1436 donum
1147 1365 1237 1464 apud
1249 1367 1342 1438 Gra·

248 1485 443 1580 tianopoiim
459 1492 548 1575 juxta
563 1485 617 1574 (2)
629 1507 769 1579 pontem
789 1484 893 1554 lzarae.

293 1596 405 1669 Testes
416 1598 488 1668 sunt
501 1594 594 1667 inde:
608 1596 723 1694 Guigo
730 1593 952 1684 Dominensrs‚
964 1599 998 1667 &
1008 1597 1119 1668 fratres
1128 1606 1198 1690 ejus
1204 1600 1341 1669 Pontius

244 1716 279 1784 δι
298 1710 526 1806 Raymundus‚
546 1711 661 1808 Guigo
679 1708 954 1802 deBeliacurnba,
967 1713 1071 1783 Beriio
1088 1710 1129 1783 de
1147 1713 1339 1802 Moirenco,

245 1830 440 1900 Nanteimus
454 1829 587 1915 Calcar,
605 1828 801 1899 Nantelmus
814 1825 982 1917 Umberti3
1002 1827 1123 1900 deinde
1138 1827 1230 1900 dedit
1241 1829 1341 1926 supra

246 1943 350 2015 dictus
364 1946 448 2015 Prior
462 1945 552 2015 Petro
565 1943 688 2014 Vetulo
702 1939 847 2014 ministro
859 1969 937 2013 meo
957 1945 1089 2042 triginta
1102 1942 1233 2015 solidos.
1257 1945 1340 2016 Hoc

244 2085 356 2131 autern
373 2059 497 2131 factum
515 2057 560 2130 est
576 2058 666 2156 apud
683 2060 911 2131 Corniiiacum
928 2057 1081 2148 castrum,
1096 2063 1131 2130 ἀ
1147 2060 1212 2156 ipse
1227 2060 1340 2132 Petrus

245 2176 381 2246 Vetulus
397 2172 543 2272 promisit
559 2176 589 2246 se
600 2174 785 2267 adjutorem
797 2179 831 2245 ἃ
845 2173 1061 2247 defensorem.

292 2291 402 2363 Testes
421 2293 495 2363 sunt
509 2291 603 2364 inde:
625 2290 779 2363 dominus
798 2294 882 2364 Prior
896 2293 1122 2391 Vulricus(3),
1137 2294 1340 2365 Nantelmus

246 2408 396 2495 broense,
416 2406 611 2477 vuillelmus
629 2405 786 2505 presbiter
810 2404 850 2477 de
870 2408 1054 2495 Heronem,
1077 2405 1193 2478 Guido
1215 2406 1318 2480 Testa
1325 2466 1336 2497 ,

245 2522 439 2592 Nantebnus
453 2521 615 2609 Umberti,
630 2523 776 2619 plerique
790 2522 941 2593 homines
954 2525 1011 2619 qui
1028 2522 1178 2594 solebant
1190 2521 1342 2595 decimas

244 2634 445 2726 coadunare,
460 2635 611 2709 videlicet
624 2622 768 2728 Pontius,
788 2638 995 2727 Guillelmus,
1009 2642 1044 2710 &
1054 2638 1111 2709 filii
1122 2646 1206 2731 ejus,
1226 2642 1264 2709 &
1274 2643 1341 2712 Ar-

245 2750 365 2840 berms,
376 2748 556 2848 postposita
568 2757 662 2823 omni
675 2754 882 2850 querimonia
888 2751 1119 2824 dimiserunt&
1134 2753 1341 2849 reliquerunt

242 2868 307 2938 hoc
331 2865 483 2938 officium
500 2871 534 2938 in
552 2895 653 2939 manu
678 2868 757 2939 dicti
774 2871 828 2962 (4)
855 2870 980 2957 Prioris,
1000 2874 1034 2940 ἃ
1056 2869 1122 2965 ipse
1142 2870 1228 2940 Prior
1244 2868 1342 2941 dedit

242 2979 363 3052 eisdem
377 2981 493 3053 decem
510 2981 642 3054 solidos.

291 3093 403 3167 Testes
417 3097 490 3167 sunt
505 3096 682 3168 Umbertus
692 3095 953 3194 archipresbiter,
970 3099 1076 3169 Petrus
1083 3097 1236 3187 Vetulus,
1253 3098 1340 3170 beto

241 3215 398 3301 Joannes‚
416 3211 586 3284 Boirrensrs
597 3217 664 3310 (ς),
676 3214 829 3284 Michael.
845 3214 923 3284 Hoc
936 3239 1049 3285 autem
1061 3212 1188 3284 donum
1207 3212 1338 3285 sactum

242 3328 286 3401 est
299 3329 434 3401 Vubico
450 3328 504 3423 (6)
520 3354 655 3428 regente
673 3329 898 3427 episcopatum
912 3329 1055 3402 ecclesrae
1074 3327 1213 3400 Diensrs.

294 3467 326 3515 2.
348 3447 494 3518 Noscant
511 3473 627 3518 omnes
645 3472 712 3516 tam
730 3447 901 3542 praesentes
918 3473 1020 3543 quam
1037 3446 1134 3517 futuri
1157 3444 1251 3542 quod
1268 3473 1338 3546 ego

242 3562 434 3632 Vuillelmus
443 3560 483 3632 de
497 3564 644 3633 Domina
656 3561 749 3634 dono
759 3565 857 3633 etiam
871 3563 1035 3634 honorem
1045 3561 1087 3634 de
1101 3589 1168 3657 quo
1185 3562 1338 3634 solebam

240 3673 346 3745 facere
375 3674 627 3745 anniversarium
656 3677 754 3771 patris
775 3677 841 3744 mei
862 3701 922 3771 pro
947 3702 1015 3771 quo
1040 3672 1164 3745 debent
1180 3671 1340 3746 videlicet

239 3792 431 3863 Vuiilelmus
442 3791 606 3880 Arundus,
618 3797 652 3863 dc
665 3795 772 3863 Petrus
785 3792 882 3863 frater
894 3800 977 3885 ejus,
993 3792 1206 3864 &Villebtrus
1220 3791 1336 3888 Esqui-

242 3934 300 3977 nar
312 3932 412 4002 atque
427 3907 534 3977 Petrus
547 3908 707 3977 Malianus
720 3905 844 3978 debent
857 3905 940 3977 duos
953 3906 1071 3978 solidos
1084 3933 1144 4003 pro
1155 3932 1280 4003 campo
1294 3906 1338 3978 de

240 4025 417 4095 Miseileria.

290 4141 368 4209 Item
377 4140 568 4211 Vuillelmus
585 4140 739 4212 Arondus
749 4139 848 4212 debet
862 4138 943 4211 duos
957 4140 1075 4212 solidos
1089 4139 1129 4211 de
1148 4142 1244 4212 vinea
1258 4167 1338 4236 quae
