3150 5174
246 576 329 635 zoo
516 546 745 637 Cartulare
766 544 821 636 de
842 545 1042 635 Domina.

240 780 281 850 de
300 781 447 877 Campo,
467 806 486 849 a
503 806 570 875 quo
588 781 694 851 Petrus
711 780 818 850 Bruno
831 805 906 849 eam
918 781 1023 849 tenuit
1038 776 1083 847 ad
1097 777 1191 848 suum
1208 775 1326 867 linem,

240 895 395 992 praedicto
419 894 614 967 monasterio
634 922 707 967 eam
729 922 789 992 pro
809 898 920 965 anima
935 894 991 965 sua
1006 894 1154 989 reliquit;
1173 892 1329 965 dominus

240 1037 374 1106 quoque
390 1009 552 1081 Ainardus
573 1012 686 1083 Senior
710 1037 770 1107 pro
794 1011 861 1082 filio
885 1009 942 1081 fuo
963 1008 1104 1081 Arberto
1129 1034 1198 1079 non
1223 1008 1329 1079 solum

239 1128 326 1198 hanc
339 1127 393 1199 sed
406 1131 504 1199 etiam
516 1130 593 1199 alias
606 1127 751 1200 decimas
766 1126 807 1199 ad
821 1154 881 1199 nos
891 1130 1089 1223 pertinentes
1100 1150 1220 1197 omnes
1232 1122 1329 1197 nobis

240 1241 392 1313 laudavit.

288 1353 358 1427 Post
373 1358 458 1445 haec,
475 1357 676 1453 temporibus
692 1354 818 1427 domini
830 1355 958 1429 Arberti
969 1357 1094 1445 Primis,
1109 1355 1243 1429 surrexit
1253 1356 1328 1453 qui-

240 1471 317 1541 dam
341 1473 446 1559 miles,
474 1474 531 1568 qui
552 1470 849 1569 cognominabatur
865 1471 981 1569 Guigo
1002 1470 1082 1569 Ega,
1109 1472 1167 1567 qui
1191 1494 1331 1541 uxorem

240 1585 411 1683 supradicti
428 1587 595 1657 Nantehni
611 1588 646 1655 in
659 1588 853 1683 conjugium
865 1581 1011 1681 sumpsit,
1026 1584 1137 1657 &hac
1153 1580 1331 1657 occafione

241 1698 355 1792 injuste
372 1703 477 1796 coepit
492 1723 709 1769 memoratam
725 1697 935 1769 decimariam
948 1698 1146 1769 calumniare
1159 1696 1332 1793 multaque

242 1815 328 1885 mala
348 1812 392 1884 ob
409 1814 473 1884 hoc
492 1812 587 1884 nobis
605 1812 693 1901 fecit,
713 1811 863 1884 videlicet
878 1810 985 1883 asinos
1002 1809 1126 1884 nostros
1142 1837 1222 1883 cum
1237 1810 1333 1882 sarci-

244 1934 292 2001 nis
311 1932 488 2027 accipiens,
508 1933 542 2000 &
559 1930 636 2000 alias
652 1932 782 2021 injurias
800 1928 895 2000 nobis
910 1930 1075 2001 multoties
1087 1928 1177 2000 fecit.
1198 1926 1332 2023 Qibus

242 2046 335 2115 malis
352 2044 503 2142 fatigatus
524 2042 678 2114 dominus
703 2041 857 2114 Arbertus
879 2045 963 2115 Prior
984 2044 1123 2141 perrexit
1142 2040 1184 2114 de
1203 2042 1272 2115 hoc
1288 2038 1332 2112 ad

240 2161 396 2257 placitum
417 2161 522 2256 prima
541 2156 751 2229 hebdomada
766 2156 1033 2258 Qadragesrmae
1053 2155 1141 2255 apud
1161 2154 1332 2229 castellum

244 2273 285 2345 de
300 2276 399 2344 Petra.
419 2274 576 2368 Cumque
590 2272 635 2343 ibi
646 2272 798 2344 narrasset
810 2274 947 2369 qualiter
962 2271 1163 2364 jamdictam
1182 2270 1333 2343 decima·

242 2392 321 2460 riam
339 2416 357 2459 a
371 2390 462 2459 Petro
479 2389 587 2459 Bruno
601 2391 635 2459 ἃ
653 2388 724 2458 siliis
745 2388 851 2461 suis&
868 2376 1047 2461 Nantelmo
1063 2393 1098 2461 δε
1115 2386 1265 2461 Ainardo
1276 2388 1333 2460 Se·

243 2506 333 2573 niore
350 2501 559 2590 haberemus,
585 2527 756 2597 nunquam
780 2504 853 2599 plus
877 2528 995 2600 pacem
1019 2500 1140 2574 habere
1159 2505 1332 2601 potuimus

244 2618 411 2713 usquequo
434 2616 586 2688 dominus
610 2616 766 2689 Arbertus
791 2620 876 2691 Prior
900 2619 1076 2692 duodecim
1096 2617 1216 2691 solidos
1240 2616 1335 2691 dedit

243 2733 393 2829 Guigoni
410 2730 504 2827 lgae:
527 2731 582 2799 tali
597 2730 700 2803 modo
722 2757 758 2801 ut
780 2733 845 2829 ipse
861 2736 1043 2831 garentiam
1064 2731 1161 2804 nobis
1184 2734 1334 2831 portaret

241 2847 282 2918 de
300 2846 330 2916 se
350 2849 385 2916 ἃ
405 2846 475 2915 filiis
491 2848 659 2918 Nantehni
677 2847 832 2944 quamdiu
854 2850 920 2947 ipse
938 2875 1062 2922 teneret
1080 2851 1232 2941 tutelam3
1251 2876 1331 2923 cum

242 2987 319 3031 vero
327 2958 383 3028 lilii
392 2958 560 3029 Nantehni
572 2958 613 3030 de
627 2962 761 3057 Campo
773 2965 955 3059 reciperent
965 2964 1126 3035 honorem
1139 2964 1248 3053 suum,
1264 2966 1333 3065 ipse

244 3076 358 3172 Guigo
380 3075 466 3144 hunc
485 3073 650 3145 decimum
671 3074 713 3146 ad
735 3078 827 3147 suam
852 3105 977 3176 partem
994 3082 1158 3170 retineret3
1178 3080 1334 3155 srautem

242 3193 307 3262 hoc
321 3190 426 3261 facere
444 3193 591 3287 nequiret
608 3190 757 3264 denarios
768 3191 893 3266 nostros
903 3196 1038 3293 pacifice
1056 3195 1151 3269 nobis
1163 3197 1329 3273 redderet.

244 3302 423 3376 Robertum
445 3308 544 3375 etiarn
560 3303 601 3374 de
619 3308 817 3379 Annoniaco
830 3308 1029 3401 (1)donavit
1049 3310 1145 3382 nobis
1157 3310 1333 3405 fidejusso-

244 3447 312 3492 rem
330 3418 395 3490 stne
412 3418 504 3507 dolo,
520 3444 557 3490 ut
573 3421 642 3492 haec
658 3423 703 3490 ita
720 3446 854 3493 teneret.

292 3532 402 3606 Testes
412 3536 485 3606 sunt
499 3566 505 3601 :
524 3535 619 3605 sulco
637 3540 829 3621 canonicum
846 3539 1012 3611 Morardus
1025 3539 1066 3612 de
1077 3539 1233 3631 Tedes103
1250 3546 1337 3618 Gol-

245 3652 352 3722 bertus
368 3650 540 3747 presbiter3
557 3652 673 3747 Drogo
688 3651 854 3746 presbiter.
1324 3674 1330 3681 '

278 3898 312 3939 ΙΙ)
325 3888 379 3931 lllirz
392 3884 543 3931 Antoniano.
557 3882 598 3927 ll»
613 3883 681 3927 Bar-n.
