3150 5174
526 515 752 608 Castulare
776 517 830 610 de
851 522 1055 611 Domina.
1289 557 1338 646 ¹9

243 783 1337 856 ὣῶὢὢῶὣῶὡῶὦῶὣῶὣῶὢῶὧῶὣῶὢῶᾶὢῶὣῶῶὣῶὢῶὣῶὣςρὢῶὣῶ

372 1093 425 1167 16.
449 1098 541 1166 Caria
558 1099 711 1190 Guigom's
724 1098 754 1165 ff
767 1103 868 1166 uxoris
886 1105 949 1189 ejus
962 1099 1165 1188 vuillelmo(
1190 1102 1215 1190 ).

678 1289 916 1356 (B.R.-A.T.)

382 1538 398 1565 ⁸
423 1517 479 1589 ER
505 1519 594 1590 hunc
620 1517 739 1590 librum
764 1517 893 1590 donum
918 1517 1066 1590 fecerunt
1082 1519 1181 1592 beato
1197 1522 1288 1592 Petro
1305 1524 1340 1592 δε

259 1657 291 1732 &fi
328 1629 395 1725 ᾗ
421 1634 596 1705 monachis
605 1631 842 1706 Clunienfibus
852 1632 894 1704 de
908 1634 1057 1705 Domina
1065 1633 1340 1735 dominusVuigo

254 1772 259 1799 ’ν
336 1718 397 1816 'fii
421 1753 456 1821 &
469 1750 608 1822 domina
619 1751 796 1822 Vuilleima
808 1749 913 1822 mansi
929 1754 1025 1822 unius
1042 1755 1158 1851 magni
1171 1756 1205 1823 &
1223 1756 1342 1850 optimi

244 1870 280 1937 in
297 1867 373 1939 vilia
385 1866 437 1939 vel
454 1866 529 1938 loco
547 1870 603 1963 qui
622 1870 812 1938 nominatur
828 1868 1002 1966 Lavargus,
1023 1894 1065 1940 eo
1084 1893 1196 1941 tenore
1215 1893 1251 1940 ut
1267 1867 1341 1966 post

242 1980 376 2054 obitum
393 1981 489 2055 dictae
500 1982 645 2055 dominae
653 1984 708 2076 (2)
717 1983 902 2054 Vuillelmae
910 1991 978 2075 jam
991 1982 1070 2054 dicti
1083 1984 1194 2056 fratres
1208 2008 1343 2056 teneant

243 2123 284 2168 ac
293 2095 609 2195 possideantabsque
623 2097 687 2168 ulla
699 2096 938 2195 inquietudine.
956 2096 1068 2170 Testes
1081 2099 1155 2170 sunt
1169 2097 1341 2172 Girbertus

242 2213 327 2284 filius
338 2213 504 2286 Gotolens
516 2216 583 2311 (3),
601 2216 768 2285 Antonius
780 2213 949 2310 presbiter,
965 2213 1126 2286 Geraldus
1137 2214 1256 2286 Tedini
1270 2217 1336 2309 (4)

278 2454 316 2519 (i)
328 2455 370 2501 Alii
381 2455 489 2502 addunt:
505 2449 534 2501 de
544 2450 624 2518 manso
634 2448 663 2500 de
676 2453 774 2500 innox,
852 2451 889 2519 (ς)
900 2454 1029 2501 videretur
1041 2454 1172 2520 legendum
1191 2452 1338 2504 Gotolendii.

244 2545 269 2591 Β.
283 2545 311 2592 Κ.
850 2539 886 2602 (4)
901 2539 958 2586 Alii:
972 2535 1081 2588 Tedimis.
1095 2541 1119 2587 Β.
1130 2542 1157 2587 R.

279 2629 317 2693 (a)
332 2629 443 2677 Domina
452 2629 571 2676 omittitur
581 2631 602 2675 in
615 2645 661 2676 ms.
680 2631 771 2692 Barth.³

242 2730 292 2762 non
304 2715 375 2761 beni.

241 2900 1341 2952 &imew&⁶3spspssmmmwwmmmmam&

246 3212 304 3280 17.
328 3193 420 3260 Caria
434 3195 549 3260 domini
566 3195 732 3262 vuillelmi
748 3198 786 3262 de
800 3197 936 3262 ‘Domina
954 3195 992 3260 de
1013 3199 1123 3261 honore
1143 3192 1341 3282 quemsanflo

292 3309 383 3375 Petro
397 3309 482 3375 dedit
494 3307 525 3376 ὁ
537 3314 691 3377 monachis
705 3311 731 3379 C
733 3309 911 3404 lunienstbus
927 3332 1015 3398 atque
1032 3311 1205 3395 monasterio
1220 3307 1257 3373 de
1274 3309 1341 3373 ‘Do-

293 3426 374 3489 mina
391 3421 457 3512 (1)

678 3539 723 3602 (Β.
736 3541 763 3586 ii.
776 3565 808 3574 -
819 3541 847 3585 i.
860 3539 889 3585 τ.
902 3538 911 3602 )

261 3794 297 3833 “o
360 3796 408 3847 ἡ
424 3778 454 3848 Ν
470 3779 607 3848 nomine
620 3778 758 3847 Domini
768 3779 919 3848 noverint
928 3801 1045 3846 omnes
1052 3771 1164 3844 fideles
1173 3768 1266 3866 quod
1274 3794 1340 3867 ego

363 3889 403 3927 “⁸
422 3891 619 3961 Vuillelmus
637 3889 729 3962 dono
748 3893 896 3962 Domino
911 3891 985 3961 Deo
1002 3892 1036 3959 &
1053 3888 1170 3959 sanctis
1187 3880 1341 3981 apostolis

425 4007 558 4077 Petro&
568 4005 666 4076 Paulo
677 4008 709 4076 in
721 4006 833 4102 primis
841 4001 1070 4098 memetipsum
1081 3999 1201 4071 scilicet
1207 4000 1241 4068 in
1253 3994 1340 4068 sesti-

239 4124 343 4194 vitate
360 4120 465 4194 sancti
476 4118 662 4207 Benedicti,
678 4127 770 4211 cujus
781 4117 932 4190 habitum
944 4116 1063 4188 devote
1076 4115 1224 4209 suscipio.
1238 4114 1340 4183 Dono
