3150 5174
249 572 333 653 244
517 536 748 630 Castulare
769 537 824 631 de
846 542 1047 633 Domina.

243 784 299 857 fita
316 783 374 873 cst,
394 810 452 883 per
467 786 583 881 viginti
596 783 692 855 libras
704 782 888 857 viennensis
903 810 1057 859 monent.
1073 784 1249 859 Defuncto
1263 790 1331 859 viro

243 901 447 999 supradicto,
459 902 595 998 quaestio
607 929 647 975 ex
659 903 722 973 hac
736 927 817 975 terra
829 906 913 975 inter
922 900 1097 975 dominum
1106 904 1253 977 Priorem
1264 902 1331 975 Ro-

242 1017 371 1089 dulfum
383 1022 513 1091 &inter
526 1046 661 1091 uxorem
678 1020 759 1091 Petri
775 1016 902 1091 Arondi
922 1021 1013 1115 (quae
1032 1016 1151 1117 postea
1166 1020 1271 1093 alium
1284 1020 1332 1093 vi·

242 1160 314 1204 rum
333 1133 452 1205 scilicet
469 1137 597 1207 Petrum
606 1132 781 1207 Mistralent
796 1138 956 1232 ceperat),
971 1132 1114 1207 ortaest.
1134 1134 1203 1207 Sed
1214 1132 1333 1207 deinde

241 1276 299 1347 ptr
323 1276 459 1321 manum
482 1250 610 1323 domini
629 1252 710 1323 Petri
726 1247 900 1321 sacerdotis
924 1248 1089 1321 Gerienfis
1110 1250 1333 1351 Hugonisque

242 1365 359 1434 Giletti
375 1390 413 1434 ac
433 1388 625 1437 caeterorum
644 1365 807 1451 virorum,
827 1366 872 1434 ita
887 1362 1050 1461 pacificati
1075 1364 1154 1436 sunt
1174 1390 1258 1464 erga
1277 1362 1334 1437 do

242 1483 368 1550 minum
389 1478 582 1569 Rodulfum,
596 1482 653 1575 qui
673 1504 751 1550 tunc
772 1480 857 1551 Prior
876 1476 1001 1567 adorat,
1020 1504 1233 1577 omnemque
1251 1506 1331 1553 con-

242 1621 377 1667 ventum
388 1593 762 1668 Dominenfisecclcsiae:
775 1593 1097 1694 quodErmengarda
1108 1596 1333 1671 cumvirosuo
1352 1606 1359 1619 '

241 1712 446 1806 emptionem
462 1710 555 1807 supra
571 1707 667 1781 dictae
685 1734 773 1781 terrae
789 1709 1028 1807 persolverent,
1048 1708 1107 1780 tali
1121 1734 1229 1807 pacto
1243 1708 1333 1807 quod

242 1826 263 1898 si
280 1826 445 1898 accidiffet
458 1851 494 1897 ut
506 1828 550 1897 illi
566 1824 634 1899 duo
651 1827 771 1898 scilicet
783 1824 1166 1924 Petrus&Ermengarda
1178 1824 1334 1899 Hieroso-

240 1941 377 2033 lymam,
388 1939 439 2010 vel
456 1940 517 2009 aiia
534 1939 645 2010 sancta
660 1939 735 2011 loca
745 1962 857 2037 petere
868 1938 1002 2028 vellent,
1020 1936 1064 2009 ab
1076 1938 1151 2036 ipso
1164 1936 1332 2013 monaste-

240 2055 288 2125 rio
306 2051 501 2125 Domincnsi
514 2054 679 2151 sexaginta
695 2052 815 2125 solidos
830 2058 866 2126 δι
882 2077 951 2126 non
967 2052 1110 2150 amplius
1127 2050 1328 2127 habuiffent.

240 2165 345 2259 Quod
363 2165 385 2237 si
406 2169 615 2265 contingeret
635 2167 727 2263 quod
743 2194 828 2239 unus
843 2167 972 2240 illorum
990 2190 1136 2238 mortem
1153 2164 1330 2253 obviasset,

242 2282 374 2377 triginta
388 2279 479 2351 solidi
493 2307 552 2377 pro
564 2282 726 2378 sepultura
739 2280 859 2371 forent,
872 2279 1058 2352 similiter&
1072 2279 1114 2351 de
1128 2280 1209 2353 alio.

289 2392 401 2465 Testes
419 2396 514 2487 hujus
527 2398 572 2466 rei
585 2397 678 2468 sunt:
694 2398 759 2493 ipsc
775 2398 862 2469 Prior
881 2394 1043 2467 Rodulfus
1051 2451 1063 2485 ,
1078 2392 1270 2469 [udovicus
1285 2396 1334 2469 st·

241 2506 352 2599 crista,
373 2511 518 2582 Joannes
539 2511 649 2582 Bonus
671 2512 808 2599 Home,
831 2514 938 2584 Petrus
958 2508 1133 2599 Chaiffus,
1150 2510 1273 2610 Guigo
1292 2508 1346 2609 de,

241 2624 379 2713 Vineto,
400 2624 543 2695 Joannes
563 2623 692 2697 {densis
713 2626 903 2723 capellanus
923 2623 1068 2718 ejusdem
1080 2622 1246 2717 ecclesiae,
1260 2652 1333 2699 om-

242 2738 362 2834 nesque
379 2739 536 2811 monachi
553 2743 609 2835 qui
628 2766 706 2812 tunc
723 2740 769 2812 ibi
786 2739 956 2840 degerant.

291 2854 461 2927 Servitium
480 2879 569 2927 terrae
585 2853 632 2927 est
648 2881 790 2951 quatuor
802 2855 992 2944 solidorum,
1008 2854 1170 2951 placitum
1188 2852 1240 2929 est
1257 2880 1335 2931 octo

242 2969 430 3043 solidorum.

243 3258 1335 3313 ὣῶῶῶῶῶῶὢᾶῑὣώὢῶὡῶὢ6*ὣῶὢῶῶὢῶὢῶὢῶὢῶὢῶᾣῶὣῶὣῶὣῶὣ

541 3516 621 3597 234.
646 3502 737 3569 Carra
755 3504 861 3569 Pontii
879 3504 1028 3571 Oddonis.

254 3765 398 3865 [7432.
420 3762 565 3833 OTUM
583 3760 620 3833 sit
633 3763 788 3836 omnibus
800 3764 1012 3863 praesentibus
1028 3770 1064 3837 &
1079 3766 1332 3842 succedentibus

254 3869 269 3950 ’ἶ
284 3935 316 3994 (3
391 3874 406 3956 L
420 3874 510 3973 quod
528 3877 659 3948 Pontius
672 3877 775 3951 Oddo
789 3882 823 3949 in
838 3880 905 3952 fine
922 3880 979 3953 suo
996 3877 1139 3953 reddidit
1157 3881 1191 3953 se
1209 3884 1245 3955 in
1262 3910 1333 3957 mo·

252 3934 402 4086 &3322
421 3993 565 4067 nachum
592 3992 801 4067 Dominenfis
837 3993 999 4085 calefiat,
1028 4020 1178 4093 tempore
1205 3996 1332 4071 domini

244 4106 424 4179 Cuichardi
438 4108 561 4193 Prinos,
578 4106 716 4180 &dedit
733 4110 807 4179 Deo
825 4112 1045 4207 omnipotenti
1064 4113 1099 4180 ἃ
1120 4110 1240 4183 sanctis
1253 4136 1332 4209 apo·
