3150 5174
243 526 296 614 28
515 525 747 618 Cartulate
770 525 825 617 de
846 530 1049 619 Domina.

238 774 273 841 ἃ
286 768 397 841 fratres
405 778 476 863 ejus
485 769 583 843 nostri
592 773 743 844 homines
752 771 793 842 de
804 774 896 844 Mura
904 772 1173 870 praesumpserunt
1181 776 1333 870 accipere

240 889 457 959 mutationem
470 890 503 957 in
517 887 660 983 quadam
674 913 755 959 terra
767 913 842 985 quae
854 885 900 959 est
912 886 970 959 srta
985 892 1018 960 in
1041 885 1150 960 nostro
1161 889 1279 960 manso
1289 889 1335 962 de

240 1001 332 1071 Mura
343 1004 377 1072 in
390 1002 467 1074 loco
480 1006 537 1099 qui
554 1002 671 1074 dicitur
690 1002 731 1074 de
751 1004 829 1075 Alto
851 1004 966 1091 Ponte,
988 1030 1090 1101 quam
1106 1001 1241 1075 tenebat
1252 1031 1337 1077 uxor

175 1170 178 1179 .
241 1116 392 1188 Bemardi
412 1122 446 1189 δι
466 1118 522 1189 filii
542 1126 624 1212 ejus.
648 1118 752 1215 Quod
772 1119 886 1192 videns
906 1119 1060 1192 dominus
1073 1118 1228 1191 Arbertus
1248 1122 1338 1193 Prior

240 1260 317 1305 cum
330 1233 479 1307 fracibus
492 1237 552 1308 suis
564 1240 620 1333 qui
635 1262 713 1309 tunc
725 1262 817 1309 erant
830 1240 863 1308 in
873 1239 938 1309 hoc
952 1235 1146 1309 monasterio
1158 1235 1338 1309 rationabi-

239 1349 310 1419 liter
321 1348 397 1421 fecit
409 1352 454 1421 eis
466 1352 699 1449 recognoscere
712 1377 790 1422 cum
802 1376 927 1448 quanta
937 1354 1054 1445 injuria
1065 1351 1167 1448 ipsam
1179 1353 1339 1423 mutatio-

242 1490 319 1535 nem
331 1466 538 1563 accepiffent.
563 1467 600 1537 Et
619 1465 677 1565 ipsr
697 1469 837 1538 omnino
856 1467 1068 1561 reliquerunt,
1090 1470 1135 1537 ita
1151 1492 1187 1537 ut
1200 1465 1337 1565 necipsr

242 1606 302 1652 nec
317 1580 459 1652 haeredes
471 1609 585 1655 eorum
597 1581 753 1680 deinceps
766 1582 948 1680 quidquam
967 1585 1002 1653 in
1018 1581 1136 1654 eadem
1148 1585 1337 1655 mutatione

240 1699 460 1791 requirerent(
485 1701 511 1791 ).

289 1809 401 1883 Testes
421 1813 494 1883 sunt
514 1813 566 1883 hi:
591 1815 707 1912 Guigo
731 1813 772 1884 de
788 1811 1034 1902 Valleboncnsr,
1054 1817 1164 1906 Aymo
1191 1813 1277 1884 Prior
1293 1812 1337 1885 de

249 1921 372 2015 Visrlia‚
381 1926 477 1998 fulco
486 1926 868 2015 canonicus,Golbertus
876 1926 1045 2025 presbiter,
1057 1929 1204 2027 Paganus
1212 1925 1341 2024 presbi-

243 2063 302 2128 ter,
318 2042 471 2140 Signinus
485 2043 675 2134 Pellicerius,
690 2043 883 2133 Bernardus,
894 2043 1077 2117 Girbertus.

276 2272 602 2339 ss)MnnnmnmnRR.

245 2478 1338 2531 ὣῶῶὢῶὣῶὣῶὢῶὣῶὣῶὼὢῶᾥὣῶὣῶὢῶὣῶῶῶὢῶὢῶὣῶὣῶὣῶὣῶ

387 2748 442 2822 24.
467 2734 557 2800 Curru
575 2737 611 2800 de
624 2739 759 2804 viritude
772 2735 801 2801 ln
818 2734 943 2826 Capella
957 2738 987 2800 r'n
1003 2726 1132 2823 Ueiis(
1157 2736 1184 2823 )

273 3016 279 3028 .
305 3019 312 3034 .
347 2979 365 3000 r
390 2967 450 3056 {l
465 2959 824 3035 OTUMfitomnibus
834 2962 1121 3060 hominibusquod
1131 2965 1342 3062 temporibus

377 3058 385 3069 ,
396 3034 406 3066 V
449 3058 451 3068 .

305 3075 314 3155 Ῐ
340 3140 366 3152 ,.
391 3050 422 3156 i
436 3072 452 3153 Ῐῖ
464 3078 590 3149 domini
602 3076 729 3148 Arberti
747 3080 870 3166 Prioris,
891 3077 1058 3150 Amedeus
1071 3079 1152 3150 filius
1164 3081 1340 3153 Vincenrii

307 3211 315 3227 ·
331 3162 421 3287 iii&
438 3162 452 3255 l
464 3191 715 3264 vendiditnobis
723 3193 893 3263 monachis
902 3192 943 3264 de
950 3196 1239 3265 Dominavrneam
1248 3196 1341 3267 suam

247 3336 321 3404 quae
334 3307 380 3380 est
392 3313 424 3379 in
439 3309 551 3379 manso
563 3307 604 3378 de
618 3309 648 3377 la
660 3307 800 3404 Capella
812 3334 913 3405 quam
925 3307 1079 3380 dominus
1087 3309 1285 3381 Vuillelmus
1298 3311 1343 3382 de

249 3428 394 3496 Domina
407 3423 503 3496 nobis
516 3423 557 3494 ad
569 3423 671 3494 finem
684 3424 777 3494 suum
790 3421 891 3494 dedit.
914 3428 1054 3522 Accepit
1073 3450 1150 3496 veto
1170 3424 1343 3498 Amedeus

247 3569 266 3611 a
278 3541 415 3612 domino
424 3540 563 3612 Arberto
574 3542 675 3611 Priore
689 3565 810 3612 novem
819 3538 937 3610 solidos
943 3541 1207 3631 Valentinianos,
1218 3538 1265 3611 ob
1274 3541 1343 3614 hoc

249 3684 284 3729 ut
296 3657 455 3754 quidquid
468 3656 562 3728 nobis
576 3658 730 3753 placuerit
751 3654 791 3726 de
812 3657 879 3753 ipsa
890 3659 985 3727 vinca
998 3655 1153 3751 deinceps
1165 3654 1340 3728 faciamus.

230 3760 317 3843 ‘fuit
329 3798 439 3843 autem
453 3770 538 3841 facta
551 3771 620 3842 lraec
642 3769 789 3842 conditio
812 3773 843 3840 in
866 3769 1018 3842 Adventu
1032 3767 1244 3841 hebdomada
1263 3794 1345 3844 ante

250 3891 364 3961 Natale
371 3891 507 3960 Domini
517 3887 794 3983 apudDominam
802 3891 835 3958 in
842 3889 1015 3984 parlatorio
1022 3883 1217 3957 monasterii.
1229 3884 1345 3960 [liau-

251 4031 316 4076 tem
327 4007 397 4077 haec
407 4007 600 4096 vincajuxta
617 4004 765 4073 mansum
777 4005 1017 4075 monachorum
1030 4005 1140 4074 Sancti
1148 3999 1344 4093 sebastiani,

251 4149 352 4218 prope
366 4121 504 4194 domum
515 4122 667 4192 Rotlanni
682 4119 803 4192 Pesserii
815 4125 847 4192 in
862 4122 965 4191 Serto.
