3150 5174
448 563 450 566 ·
519 536 751 629 Cartulare
773 535 827 628 de
851 541 1052 632 Domina.
1278 577 1325 667 23

239 778 414 852 definitum
426 784 459 851 in
478 805 626 877 tempore
641 773 772 852 'domini
790 782 943 879 lingonis
961 784 1070 855 Prioris
1083 785 1229 876 secundi,
1243 813 1333 860 anno

238 894 284 967 ab
302 898 526 969 incarnatione
553 898 692 968 Domini
712 895 882 969 millesimo
907 898 1085 973 centesimo
1108 903 1257 1000 septimo.

291 1013 360 1082 Fuit
375 1015 473 1083 etiam
490 1013 555 1084 hoc
569 1011 693 1083 factum
710 1015 743 1082 in
761 1010 896 1084 ecclesia
913 1013 954 1084 de
972 1016 1149 1087 Roxannis.

276 1312 314 1376 (r)
325 1314 384 1360 Acta
399 1314 432 1360 en
447 1315 500 1361 haec
510 1321 577 1360 carta
592 1328 656 1359 anno
675 1314 772 1359 Domini
847 1313 882 1377 (ι)
895 1315 919 1360 ln
930 1329 976 1381 ms.
990 1316 1069 1363 Barth.
1083 1334 1088 1361 z
1103 1312 1224 1364 Rotlanni.

241 1415 318 1456 nom

240 1621 1335 1675 ὢῶὣῶὣῶὣῶὣῶὢῶὢῷὣῶὣῶὠῶὣῶὣῶὣῶὢῶὣῶὢῶὣῷὢῶῶὣῶὣῶ

284 1947 339 2024 19.
359 1929 449 1996 Carta
467 1931 625 2021 vuigont's
638 1932 757 2028 comitis
773 1932 810 1996 tle
823 1929 1084 2018 confitetutllnilus
1097 1935 1134 2001 de
1149 1932 1250 2021 manso
1264 1935 1301 2000 tle

727 2046 865 2140 Capella.

745 2277 849 2339 (M)

258 2512 278 2572 Ῑ
301 2520 320 2541 “
331 2508 375 2609 Υ
389 2558 404 2607 ,Υ
419 2503 526 2577 OTU
536 2505 570 2574 Μ
589 2502 625 2574 fit
637 2503 792 2576 omnibus
812 2504 1096 2602 tampraesentibus
1113 2533 1214 2604 quam
1227 2507 1339 2578 futuris

258 2615 267 2696 ζ
295 2680 312 2690 s
330 2712 341 2721 .
357 2638 397 2697 t
419 2615 511 2712 quod
531 2621 648 2714 quinto
672 2643 762 2689 anno
782 2616 855 2715 poll
874 2616 1004 2689 obitum
1033 2616 1159 2690 domini
1174 2621 1339 2692 Vuillelrni

261 2752 267 2766 ·
284 2744 323 2827 {⁴
345 2781 366 2827 ξ
391 2735 405 2766 ‘³
419 2730 607 2805 ministrales
620 2732 745 2805 domini
756 2735 922 2832 Guigonis
935 2737 1063 2805 comitis
1079 2759 1255 2832 coeperunt
1266 2763 1339 2832 pra-

245 2879 303 2923 vas
313 2848 562 2923 consuetudines
575 2851 734 2944 requirere
745 2851 778 2919 in
792 2875 833 2920 eo
847 2849 961 2920 manso
972 2847 1013 2919 de
1026 2875 1094 2944 quo
1107 2850 1201 2946 supra
1214 2877 1341 2922 memo-

246 2971 404 3058 ravimus3
415 2967 535 3038 scilicet
545 2990 666 3036 novem
674 2963 743 3036 dies
752 2964 793 3036 de
806 2966 1009 3058 corvata(1)‚
1022 2991 1125 3034 unum
1141 2967 1338 3054 multonem,

246 3089 284 3156 &
295 3084 357 3164 alia
373 3107 447 3179 quae
463 3106 652 3152 enumerare
670 3079 772 3152 modo
792 3106 861 3151 non
874 3079 1056 3177 pollumus3
1066 3083 1101 3150 ὅ(
1114 3081 1179 3152 hoc
1195 3084 1342 3180 compel-

246 3195 337 3271 lebat
351 3224 408 3268 eos
429 3195 534 3267 facere
558 3193 733 3266 lanfredus
758 3193 893 3291 quidam
910 3197 967 3290 qui
987 3194 1018 3264 se
1039 3192 1171 3266 dicebat
1186 3199 1265 3267 olim
1284 3197 1341 3268 has

245 3313 399 3410 recepille
407 3315 441 3383 in
451 3311 564 3382 manso
577 3309 619 3381 de
628 3310 778 3408 Capella.
788 3309 892 3405 Quod
903 3308 1039 3380 audiens
1049 3312 1133 3382 Prior
1144 3310 1186 3382 de
1195 3315 1342 3384 Domina

245 3427 402 3500 dominus
415 3423 603 3498 Gaufredus
621 3424 700 3496 abiit
716 3449 792 3495 ante
814 3426 971 3495 comitem
989 3428 1046 3521 qui
1067 3449 1145 3496 tunc
1166 3451 1234 3496 erat
1253 3427 1342 3524 apud

246 3544 390 3632 Muram,
404 3546 439 3612 &
455 3540 497 3612 de
510 3542 575 3612 hoc
588 3540 881 3638 proclamationem
894 3538 982 3610 fecit.
1001 3540 1069 3633 Qi
1087 3567 1198 3611 comes
1211 3566 1342 3638 propter

246 3658 514 3730 benevolentiam
532 3681 633 3753 quam
657 3681 736 3753 erga
759 3651 991 3725 monasterium
1004 3652 1161 3743 habebat,
1179 3653 1266 3726 bona
1287 3654 1343 3725 de-

245 3777 384 3846 votione
404 3773 495 3844 dedit
505 3778 539 3844 &
552 3771 681 3867 reliquit
698 3797 757 3868 pro
771 3771 876 3841 salute
898 3772 1016 3840 animae
1029 3771 1105 3858 suae,
1120 3775 1155 3841 &
1170 3795 1205 3840 ut
1216 3795 1342 3867 partem

245 3912 424 3961 mereretur
445 3892 477 3958 in
499 3884 714 3973 orationibus,
738 3890 772 3956 &
793 3880 995 3955 eleemofinis
1021 3883 1154 3971 habere,
1179 3884 1230 3954 seu
1251 3889 1342 3954 omni

245 4006 342 4077 bono
355 4002 446 4098 quod
458 4007 490 4072 in
504 3998 661 4099 praedicto
671 3997 866 4071 monasterio
880 3998 1003 4070 factum
1021 3998 1127 4089 fuerit,
1145 4024 1228 4070 totas
1242 4026 1280 4072 ex
1295 4003 1343 4074 in-

246 4148 345 4220 tegro
359 4116 609 4192 consuetudines
630 4114 707 4188 srcut
721 4118 803 4187 Prior
816 4112 971 4210 quaesivit.
