3150 5174
428 540 432 546 ’
534 521 766 614 Cartulare
790 521 843 613 de
865 526 1067 614 Domina.

254 774 315 845 suit
328 773 466 869 qualiter
478 770 597 842 mundi
604 769 685 842 illud
697 768 851 841 scandere
859 770 1036 842 valeamus.
1062 802 1077 830 «
1093 771 1211 858 Facite,
1228 773 1347 867 inquit,

258 920 277 952 ιι
302 876 538 959 eleemosinam
555 889 591 957 ἃ
608 911 686 956 ecce
712 886 827 955 omnia
849 881 976 953 munda
993 882 1067 953 sunt
1083 882 1187 955 vobis.
1210 916 1228 948 »
1255 885 1350 980 Qra-

252 1026 387 1098 propter
398 1027 465 1098 ego
479 997 643 1069 Ainardus
660 1000 694 1069 in
708 998 830 1068 ultimis
846 999 921 1068 vitae
938 1022 1021 1068 meae
1040 996 1255 1094 temporibus,
1276 1025 1352 1095 pec-

251 1141 403 1187 catorum
420 1140 572 1186 meorum
583 1110 792 1184 multitudine
807 1110 902 1183 valde
918 1136 1152 1209 compunctus,
1165 1111 1263 1210 ipsius
1277 1117 1349 1186 Do-

250 1234 335 1303 mini
351 1230 487 1304 obedire
504 1233 641 1328 cupiens
654 1226 848 1322 juffionibus
861 1226 902 1298 de
923 1225 998 1324 ipsis
1016 1225 1114 1298 bonis
1127 1227 1259 1324 quibus,
1280 1233 1352 1301 Do-

251 1350 345 1419 mino
363 1347 537 1445 largiente,
563 1347 597 1415 in
610 1347 678 1416 vita
693 1369 769 1414 mea
782 1342 896 1413 fruitus
913 1342 1001 1431 sum,
1023 1340 1116 1414 dono
1136 1344 1262 1441 aliquid
1277 1373 1350 1417 om-

252 1467 420 1561 nipotenti
445 1465 534 1550 De0,
560 1488 621 1533 nec
646 1487 715 1533 non
736 1463 770 1531 δι
791 1460 909 1530 sanctis
932 1457 1087 1558 apostolis
1111 1468 1180 1553 ejus
1201 1465 1293 1534 Petro
1314 1467 1348 1534 ὅ(

251 1581 366 1670 Paulo,
385 1578 449 1652 srve
465 1579 641 1651 monachis
651 1574 927 1648 Cluniacensrbus
937 1575 1077 1674 praefatis
1089 1575 1243 1674 apostolis
1259 1578 1348 1675 apud

250 1695 487 1770 monasterium
495 1695 536 1768 de
547 1693 951 1785 Dominafamulantibus,
959 1720 1096 1766 omnem
1107 1695 1228 1766 scilicet
1237 1722 1348 1767 meam

250 1840 380 1913 partem
403 1812 625 1902 ecclesiarum,
650 1826 725 1911 quae
749 1816 784 1884 in
802 1809 903 1885 alodo
929 1810 1022 1884 castri
1039 1811 1184 1904 ejusdem
1209 1812 1251 1885 de
1274 1816 1347 1885 Do-

250 1933 344 2001 mina
366 1927 430 2001 srtae
452 1929 537 1999 sunt.
564 1930 658 1999 Facio
679 1952 790 1998 autem
808 1928 874 1998 hoc
891 1925 1020 1998 donum
1037 1953 1098 2024 pro
1117 1926 1347 2027 redemptione

249 2047 404 2117 omnium
421 2043 617 2116 delictorum
635 2070 803 2144 meorum,
825 2046 859 2113 ὅ(
876 2045 996 2114 animae
1014 2067 1099 2113 meae
1115 2043 1228 2134 salute,
1248 2070 1347 2143 atque

248 2163 349 2258 patris
357 2162 433 2231 mei
451 2163 485 2231 δι
502 2162 633 2249 matris,
653 2161 873 2255 omniumque
893 2160 1160 2255 propinquorum
1180 2186 1342 2232 meorum.

249 2277 321 2347 Sint
334 2300 446 2347 autem
467 2275 563 2367 hujus
583 2271 789 2345 eleemosrnae
810 2275 984 2370 participes
1005 2273 1184 2370 specialiter
1204 2273 1260 2345 filii
1281 2280 1347 2348 mei

247 2419 384 2481 omnes3
408 2396 539 2464 Pontius
559 2391 713 2464 videlicet
736 2396 771 2463 ἃ
786 2389 980 2484 Aynardus‚
1006 2390 1167 2462 Rodulfus
1184 2394 1219 2462 ἃ
1239 2393 1350 2464 Petrus

247 2534 350 2604 atque
365 2534 446 2579 uxor
459 2533 534 2577 mea
548 2505 750 2597 Adhela'ida,
765 2509 823 2603 qui
836 2532 953 2577 omnes
965 2506 1153 2601 exemplum
1166 2533 1279 2577 meum
1297 2510 1345 2580 se-

247 2621 465 2695 cutifideliter
481 2622 545 2693 hoc
560 2620 688 2693 donum
696 2620 925 2709 laudaverunt,
936 2623 969 2690 ὅ(
979 2623 1116 2717 propriis
1126 2622 1278 2693 manibus
1291 2623 1345 2694 fir-

246 2762 431 2808 maverunt.

296 2852 328 2921 S.
352 2850 499 2944 Aynardi
519 2854 577 2948 qui
595 2852 680 2921 hanc
705 2873 828 2920 cartam
850 2850 918 2921 fieri
937 2848 1034 2942 jullrt.
1061 2853 1093 2922 S.
1114 2853 1254 2925 filiorum
1275 2864 1346 2948 ejus

248 2965 399 3060 Aynardi
412 2969 480 3058 (1),
497 2968 622 3053 Pontii,
640 2963 793 3055 Rodulfi,
806 2967 904 3053 Petri,
921 2957 1094 3063 matrisque
1108 2968 1254 3060 ejusdem
1265 2973 1343 3042 Petri

245 3081 459 3171 Adhelaidce,
479 3085 536 3178 qui
557 3084 884 3153 omnesunanimiter
899 3079 1125 3154 laudaverunt.
1147 3082 1259 3156 Testes
1272 3086 1344 3157 sunt

244 3199 368 3269 milites
376 3195 554 3286 Geraldus,
570 3195 667 3267 frater
679 3203 749 3287 ejus
764 3194 950 3288 Aynardus‚
963 3198 1162 3285 Torrencus,
1179 3201 1314 3272 Alvisus.

294 3314 448 3384 Similiter
468 3311 605 3382 domina
626 3312 802 3383 Vuillelma
819 3315 853 3383 δι
874 3311 957 3384 filius
978 3321 1048 3406 ejus
1062 3314 1255 3387 Vuillelmus
1269 3344 1343 3414 par-

243 3458 313 3503 tem
328 3431 420 3501 luam
433 3428 474 3500 de
487 3427 610 3500 eisdem
623 3427 764 3501 ecclesiis
776 3427 896 3501 eodem
910 3426 1013 3501 modo
1027 3457 1095 3527 quo
1109 3429 1263 3502 dominus
1272 3438 1336 3526 ny-

243 3543 382 3635 nardus,
398 3542 560 3615 dederunt
582 3545 656 3614 Deo
676 3546 711 3613 &
731 3543 894 3641 praedictis
907 3543 1061 3641 apostolis
1082 3571 1181 3641 atque
1202 3547 1343 3644 praefatis

240 3659 420 3732 monachis
439 3682 500 3754 pto
521 3659 706 3727 animarum
728 3657 855 3727 suarum
876 3656 1118 3755 redemptione,
1143 3685 1204 3732 nec
1227 3688 1294 3731 uon
1308 3668 1342 3733 δε

239 3777 415 3876 Guigonis
428 3770 525 3869 ipfius
538 3773 705 3843 Vuillelmi
722 3779 835 3869 patris,
855 3800 1117 3873 cunctorumque
1139 3804 1253 3847 eorum
1267 3805 1342 3874 pro-

238 3897 460 3991 pinquorum.
475 3886 646 3959 Dederunt
655 3912 766 3958 autem
780 3915 819 3959 ex
832 3891 962 3988 integro
972 3895 1085 3961 omnia
1095 3918 1169 3988 quoe
1182 3892 1225 3963 ad
1238 3894 1345 3964 eccle-v

237 4009 299 4080 lias
320 4007 491 4104 pertinent
511 4030 587 4074 cum
609 4001 682 4101 ipsis
703 4002 856 4095 ecclesiis,
873 4005 1063 4079 decimas&
1077 4011 1190 4079 omnia
1206 4008 1285 4080 ficut
1298 4011 1341 4080 illi

240 4121 412 4222 polltdere
435 4117 595 4208 solebant,
617 4120 668 4190 vel
689 4119 770 4190 alius
791 4120 834 4191 ab
856 4124 912 4192 eis.
