3150 5174
538 565 772 692 Cartulare
793 564 847 655 de
869 568 1071 656 Domina.
1266 598 1350 690 259

286 742 370 747 ...-
396 742 430 747 .-.
454 741 472 747 -a
501 743 518 747 .-
538 742 879 749 .........-.-.-.--.-—-·---
896 742 1026 749 ----..--.-
1072 744 1283 754 --.-—.——‚

257 817 401 885 vineam.
420 813 498 884 Hoc
514 810 642 883 donum
661 809 806 884 laudavit
822 812 938 910 Guigo
951 811 1077 882 Alvisus
1097 809 1194 881 frater
1214 818 1298 904 ejus,
1316 816 1350 882 ὅ(

257 926 349 998 dedit
364 928 458 1025 super
473 928 573 998 altare
591 924 657 997 fine
671 926 736 996 ulla
753 928 950 998 retentione.

308 1041 421 1115 Testes
441 1044 515 1114 sunt
534 1044 600 1140 ipse
620 1044 706 1114 Prior
722 1046 757 1114 ὅ(
773 1043 889 1141 Guigo
905 1039 1049 1130 sacrista,
1069 1041 1254 1139 Stephanus
1272 1043 1351 1113 Cal-

255 1189 314 1234 vus
335 1165 370 1233 &
386 1163 535 1259 Paganus
559 1157 735 1256 presbiter,
762 1161 910 1257 Paganus
937 1158 1085 1228 Masellus
1110 1161 1144 1227 ὃ(
1169 1158 1350 1230 Bernardus

255 1277 440 1365 Girbertus,
463 1280 498 1348 ὅ(
519 1277 627 1346 Petrus
648 1275 829 1346 Pellicerius
846 1271 1041 1345 ministralis.

305 1415 338 1463 2.
368 1394 471 1463 Carta
487 1391 528 1462 de
544 1416 639 1489 prato
664 1388 755 1489 quod
775 1388 866 1461 dedit
889 1391 1005 1489 Guigo
1027 1391 1152 1462 Alvisus
1171 1419 1231 1488 pro
1250 1419 1348 1464 uxore

254 1511 310 1581 sua
328 1517 443 1609 Agnes
460 1514 494 1580 in
512 1510 627 1581 Monte
644 1493 819 1603 Aymonis.

302 1624 451 1720 Quando
478 1626 548 1696 haec
573 1623 710 1696 domina
729 1625 792 1695 fuit
806 1649 954 1714 mortua,
975 1625 1100 1721 sepulta
1117 1623 1165 1696 est
1188 1628 1222 1696 in
1240 1626 1348 1698 clauso

251 1753 344 1837 juxta
365 1741 530 1815 basilicam
547 1744 650 1813 sancti
667 1744 746 1813 Petri
760 1775 770 1832 3
788 1769 849 1839 pro
866 1744 1028 1841 sepultura
1045 1751 1115 1836 ejus
1128 1743 1220 1815 dedit
1232 1745 1347 1844 Guigo

251 1859 379 1931 Alvisus
389 1861 424 1929 ὅ(
433 1858 609 1928 Cauterius
623 1857 817 1929 Cancardus
829 1857 925 1929 frater
932 1866 1002 1950 ejus
1016 1856 1187 1954 quoddam
1199 1885 1343 1956 pratum,

252 1978 287 2046 ὅ(
306 1973 390 2045 duos
407 1999 563 2044 nummos
584 1973 740 2044 annuales
756 1975 790 2043 in
808 1973 923 2044 Monte
943 1975 1121 2066 Aymonis,
1136 1973 1346 2046 laudantibus

251 2087 323 2159 filiis
342 2088 402 2157 suis
425 2088 540 2158 Pontio
552 2087 663 2159 Alviso
679 2092 713 2158 ὅ(
732 2088 880 2185 Hugone
900 2088 1021 2159 Alviso.

300 2201 410 2274 Postea
422 2199 479 2272 iste
490 2202 606 2300 Guigo
623 2201 748 2273 Alvisus
766 2200 908 2272 reddidit
924 2201 1029 2272 filiurn
1044 2203 1139 2272 suum
1157 2205 1344 2302 Hugonem

249 2318 395 2390 Alvisum
424 2320 498 2389 Deo
519 2322 554 2389 δ(
571 2317 676 2389 beatae
700 2318 810 2389 Mariae
835 2321 870 2389 ὅ(
891 2315 995 2387 beatis
1016 2315 1171 2413 apostolis
1194 2320 1285 2390 Petro
1309 2324 1344 2391 δ(

249 2435 346 2505 Paulo
360 2433 403 2504 ad
419 2432 653 2505 monasterium
666 2431 707 2503 de
726 2436 888 2521 Domina,
902 2457 939 2503 ut
948 2431 995 2503 ibi
1009 2433 1088 2504 ellet
1097 2435 1295 2520 monachus,
1309 2441 1344 2508 ὅ(

248 2546 341 2619 dedit
361 2575 421 2644 pro
443 2574 485 2619 eo
506 2574 608 2618 unam
632 2549 762 2618 vineam
788 2572 862 2644 quae
884 2544 931 2617 est
954 2543 1060 2642 posita
1083 2555 1174 2638 juxta
1197 2548 1341 2619 clausum

244 2661 404 2753 nostrum,
417 2667 452 2734 δ(
466 2661 646 2758 quamdam
664 2662 857 2759 particulam
881 2685 972 2731 terrae
995 2687 1096 2756 quam
1114 2661 1259 2735 habebat
1276 2665 1340 2735 ala

244 2780 362 2849 Monta
378 2786 469 2871 juxta
485 2779 635 2848 mansum
652 2775 816 2865 nostrum,
834 2776 875 2847 de
889 2804 955 2872 qua
969 2801 1050 2847 terra
1063 2777 1216 2873 quaedam
1230 2778 1338 2852 nostra

243 2894 434 2965 muliercula
459 2920 549 2964 nunc
575 2890 682 2963 reddit
705 2917 767 2963 tres
794 2894 920 2963 eminas
949 2892 1077 2988 pulchri
1101 2892 1277 2983 frumenti,
1303 2900 1337 2966 ὅ(

244 3035 346 3079 unam
363 3009 520 3107 gallinam
533 3014 567 3079 in
586 3005 857 3106 Quadragesrma.
877 3009 954 3079 Hoc
974 3007 1035 3077 fuit
1051 3008 1176 3079 factum
1192 3034 1339 3108 tempore

243 3123 372 3195 domini
389 3126 470 3194 Petri
487 3122 528 3193 de
547 3123 685 3193 Glecins
707 3125 819 3193 Prioris
837 3122 878 3193 de
897 3125 1055 3194 Domina.

294 3241 326 3309 S.
354 3242 434 3310 Petri
459 3236 605 3326 sacristae,
621 3242 655 3308 ὅ(
674 3239 844 3336 Hugonis‚
863 3242 897 3308 ὅ(
915 3235 1068 3307 Bernardi
1084 3237 1188 3309 fratris
1205 3248 1287 3332 ejus,
1304 3247 1338 3311 ὅ(

234 3373 436 3426 'caeterorum
454 3352 711 3439 monachorum,
727 3353 910 3423 &loannis
931 3351 1107 3447 capellani,
1123 3357 1158 3423 ἃ
1171 3354 1336 3426 Vuillelrni

241 3468 404 3565 capellani
426 3466 466 3536 de
483 3463 629 3552 castell0,
649 3469 684 3536 ὅ(
702 3465 810 3536 Pateli.

294 3603 326 3682 3.
352 3584 431 3654 Non
449 3580 521 3678 post
538 3581 680 3651 multum
697 3606 774 3652 vero
792 3583 962 3676 temporis,
982 3581 1063 3651 alius
1079 3581 1162 3652 filius
1186 3583 1338 3656 videlicet

241 3703 375 3771 Pontius
393 3700 517 3770 Alvisus
535 3697 711 3768 defunctus
729 3694 787 3786 est,
806 3724 867 3793 pro
883 3697 1045 3793 sepultura
1071 3707 1164 3790 cujus
1193 3699 1335 3773 dedit&

239 3815 307 3912 ipse
322 3816 436 3912 Guigo
450 3840 554 3884 unum
571 3839 728 3910 campum
747 3815 803 3908 qui
824 3810 871 3882 est
887 3810 962 3883 situs
978 3812 1035 3883 sub
1055 3818 1218 3912 AugeriiS‚
1233 3843 1334 3912 quem

239 3930 443 4024 recuperavit
470 3926 625 3997 dominus
654 3925 813 3998 Rodulfus
835 3925 875 3998 de
902 3928 1097 4015 fulciniaco‚
1111 3932 1188 4024 quia
1205 3931 1335 4001 amillus

237 4042 344 4112 fuerat
361 4068 421 4137 pro
439 4042 544 4113 multo
562 4042 697 4130 fenore3
721 4041 764 4112 ad
781 4043 933 4113 ultimum
950 4070 1026 4115 vero
1045 4045 1251 4142 cognoscens
1268 4049 1333 4143 ipse

236 4183 379 4229 mortem
401 4158 464 4228 elle
482 4161 637 4246 vicinam,
662 4159 925 4229 &reminiscens
951 4184 1161 4255 peccatorum
1187 4162 1331 4253 luorum,
