3150 5174
251 508 333 623 246
518 507 748 607 Cartulate
770 507 825 601 de
848 510 1048 599 Domina.

629 688 713 695 .—.
729 688 1080 697 --—-—-—-—————

245 760 336 845 cujus
352 751 452 823 feudo
471 750 548 823 illud
567 750 747 837 tenebant,
766 756 801 823 ἃ
819 750 874 823 filii
895 751 953 839 sui,
976 749 1142 823 Ainardus
1157 748 1328 838 duntaxat,

245 866 473 937 lantelmus&
486 863 663 955 Soffredus,
681 891 797 936 omnes
814 868 1034 937 communiter
1050 862 1331 937 concelletunt&

245 980 475 1068 laudaverunt,
496 982 663 1078 ipsamque
695 980 938 1074 eleemosynam
967 978 1149 1053 tenendam
1175 978 1333 1051 libere&

244 1099 352 1191 quiete
366 1120 525 1193 perpetuo
538 1094 787 1167 mandaverunt.

292 1208 402 1282 Testes
415 1211 488 1281 sunt
500 1208 564 1282 illi:
578 1208 733 1282 Petrusde
745 1207 927 1301 Mautellel,
938 1208 1044 1281 Oddo
1056 1212 1213 1299 vicarius,
1222 1210 1334 1309 Guigo

245 1321 362 1412 nlvifi,
377 1325 569 1396 Vuillelmus
586 1322 627 1395 de
640 1323 847 1412 Versatorio,
867 1322 1046 1395 Bernardus
1062 1322 1244 1397 Girberrus
1253 1380 1264 1412 ,
1282 1325 1334 1395 Pe

246 1464 309 1509 trus
328 1439 482 1509 Pellicius.

294 1577 326 1624 2.
357 1556 518 1627 Novetint
544 1558 666 1651 quique
688 1553 799 1626 fideles
827 1552 920 1650 quod
945 1554 1141 1626 Vuillelmus
1164 1552 1211 1626 de
1239 1556 1335 1628 Revel

244 1671 436 1742 conditione
454 1673 545 1742 miles
563 1669 606 1743 ad
627 1671 756 1743 obitum
769 1673 903 1742 veniens
916 1669 1007 1742 dedit
1017 1672 1094 1743 Deo
1107 1672 1334 1769 omnipotenti

243 1790 277 1857 ἃ
302 1784 488 1857 beatiffimis
512 1784 734 1883 apostolorum
760 1784 961 1883 principibus
983 1787 1074 1857 Petro
1099 1788 1137 1855 ἃ
1162 1786 1279 1877 Paulo,
1293 1782 1334 1857 ad

244 1900 475 1974 monasterium
500 1900 541 1972 de
566 1903 714 1973 Domina
737 1904 773 1971 &
792 1901 963 1972 monachis
978 1898 1220 1973 Cluniensrbus
1238 1904 1272 1973 in
1290 1900 1333 1973 ibi

245 2018 319 2087 Deo
349 2014 602 2102 famulantibus,
625 2016 758 2085 vineam
788 2040 890 2085 unam
917 2016 1080 2113 optimam
1101 2017 1138 2085 in
1161 2016 1334 2113 parrochia

243 2131 369 2201 Sancta
394 2131 504 2201 lllariae
524 2129 565 2200 de
590 2130 699 2201 Revel.
731 2131 816 2200 lecit
842 2131 939 2227 igitur
958 2129 1023 2200 hoc
1049 2126 1183 2201 donum
1205 2158 1268 2229 pro
1287 2158 1334 2203 te·

244 2244 435 2341 demptione
460 2247 578 2315 animae
604 2242 666 2315 sua
692 2246 726 2313 in
753 2269 854 2313 manu
886 2242 1012 2315 domini
1036 2243 1201 2316 Guicardi
1225 2246 1332 2319 Prioris

242 2357 387 2455 praedicti
405 2360 469 2429 loci
490 2358 530 2429 de
552 2360 719 2448 Domina,
735 2359 910 2455 &insuper
928 2358 1018 2431 dedit
1035 2357 1219 2431 duodecim
1235 2358 1333 2433 dena·

240 2478 303 2545 rios
330 2500 414 2569 quos
439 2472 539 2544 debet
566 2472 698 2545 reddere
726 2471 770 2544 ad
793 2472 982 2546 vendemias
1004 2474 1057 2545 ille
1080 2477 1140 2570 qui
1161 2476 1329 2573 prefatam

244 2612 334 2659 tenet
345 2592 486 2659 vineam.
505 2587 606 2659 Dedit
618 2615 753 2686 quoque
766 2592 799 2660 in
812 2589 887 2660 villa
898 2590 1027 2661 Sancta
1044 2590 1158 2663 Maria·
1172 2617 1278 2663 unum
1290 2590 1330 2663 dt

242 2704 337 2773 casali
354 2704 464 2773 l'ellum
481 2706 595 2776 mellis.
626 2706 724 2775 l·lanc
739 2732 817 2777 vero
830 2703 1049 2776 donationem
1067 2731 1150 2776 uxor
1164 2706 1332 2779 Vuillelmi

243 2819 370 2889 Ancilia
385 2823 533 2908 nomine,
550 2818 603 2890 sed
614 2824 648 2891 δι
664 2819 768 2892 Oddo
785 2820 868 2891 lilius
884 2818 1037 2891 videlicet
1051 2818 1151 2917 ipsius
1165 2822 1330 2895 Vuillelrni

242 2934 470 3004 concellerunt
491 2939 525 3006 &
542 2933 757 3007 laudaverunt
772 2962 811 3005 ex
832 2936 962 3033 integro
976 2932 1041 3006 stne
1059 2938 1154 3007 omni
1177 2934 1330 3037 deinceps

242 3048 406 3117 calumnia
423 3052 457 3119 δε
473 3047 699 3145 inquietudine
718 3072 888 3146 perpetuo.

288 3163 342 3234 nd
361 3165 425 3235 hoc
442 3165 613 3261 praesentes
636 3165 766 3236 fuerunt
782 3168 816 3236 ὅ(
835 3163 928 3237 testes
948 3164 1074 3257 idonei,
1096 3166 1254 3241 dominus
1268 3168 1325 3241 sci-

240 3282 315 3350 licet
343 3280 527 3351 Guicardus
557 3284 641 3353 Prior
666 3279 895 3369 Dominensts,
927 3280 1128 3354 Gualbertus
1152 3288 1190 3355 ἃ
1215 3284 1326 3385 Guigo

240 3394 342 3465 ambo
360 3393 539 3492 presbiteri,
560 3399 594 3466 ὃ(
611 3394 790 3466 Bernardus
808 3394 963 3467 Girberti.

290 3529 322 3606 3.
344 3508 519 3580 Sciendum
533 3534 687 3605 praterea
699 3510 790 3607 quod
804 3511 886 3607 saepe
901 3512 1238 3585 nominatiVuillelmi
1247 3514 1326 3587 filius

239 3628 364 3713 juvenis
377 3624 541 3696 vocabulo
558 3624 751 3696 Vuillehnus
765 3624 908 3697 similiter
920 3624 965 3696 ad
977 3650 1120 3698 mortem
1135 3626 1256 3701 ductus
1267 3628 1326 3703 do-

240 3742 329 3810 navit
350 3742 405 3835 pia
431 3741 612 3808 intentione
638 3739 795 3836 praedicto
819 3738 1017 3812 monasterio
1038 3739 1079 3813 de
1102 3744 1252 3815 Domina
1275 3742 1327 3815 ubi

239 3852 390 3925 conditus
402 3851 447 3924 ell
464 3876 589 3949 partem
607 3855 749 3950 aliquam
763 3854 805 3927 de
820 3881 901 3927 terra
922 3858 989 3945 lua,
1005 3858 1184 3929 &vineam
1204 3862 1239 3931 in
1255 3860 1326 3933 vila

240 3967 281 4038 de
300 3969 421 4055 Boloc,
441 3992 515 4061 qua*
532 3971 702 4038 annuatim
726 3969 880 4041 tredecim
904 3969 1003 4042 debet
1028 3968 1190 4043 denarios.
1220 3970 1326 4047 Pollea

238 4107 349 4152 autem
375 4079 477 4154 Oddo
495 4080 590 4151 frater
617 4080 711 4177 ipsius
727 4086 861 4172 junioris
878 4084 1042 4155 Vuillelmi
1068 4085 1253 4158 Dominam
1271 4086 1327 4159 ad·
