3150 5174
516 536 748 627 Castulare
770 533 824 625 de
848 536 1049 625 Domina.
1307 566 1323 653 5

239 776 325 849 stolis
336 780 470 850 Petro&
483 779 581 849 Paulo
593 781 627 849 &
643 779 816 850 monachis
828 777 952 849 ibidem
961 778 1244 850 commorantibus
1248 806 1326 876 ,pro

238 895 337 966 salute
355 898 473 966 animae
487 895 563 984 suae,
581 892 773 965 teneduram
788 894 892 983 filioli,
908 893 1029 965 scilicet
1045 897 1218 993 grangiam
1233 899 1267 966 &
1279 897 1328 966 vi-

240 1036 359 1101 neam,
380 1016 414 1083 &
436 1008 617 1106 quamdam
640 1011 834 1107 particulam
856 1034 946 1081 tenae
970 1036 1072 1105 quam
1094 1012 1241 1108 Paganus
1257 1005 1329 1081 Mass

239 1124 331 1194 sellus
348 1123 482 1195 tenebat
498 1150 559 1221 pro
577 1123 723 1219 quodam
748 1122 861 1194 debito
878 1122 971 1219 quod
991 1127 1022 1195 ei
1038 1122 1229 1194 debebatur.
1257 1122 1329 1196 Post

239 1248 332 1333 cujus
356 1239 486 1312 obitum
509 1239 577 1311 duo
593 1239 651 1310 filii
667 1237 762 1337 ipsius
785 1242 907 1329 Pontii,
937 1242 1095 1338 Orgerius
1121 1238 1272 1311 videlicet
1295 1244 1329 1311 &

240 1355 404 1442 Carinus,
428 1358 461 1425 in
486 1355 631 1452 capitulo
659 1380 771 1426 coram
800 1352 957 1450 praedicto
989 1351 1128 1425 domino
1160 1351 1329 1425 Guicardo

240 1469 344 1540 Priore
362 1467 562 1540 &fratribus
587 1466 732 1560 ejusdem
756 1468 839 1557 loci,
861 1468 1020 1566 Guigone
1050 1464 1175 1538 sacrista
1199 1470 1234 1537 &
1257 1469 1328 1538 Ste-

240 1581 352 1677 phano
369 1583 477 1654 Calvo
495 1609 573 1654 cum
585 1582 668 1672 aliis,
682 1581 911 1653 concefferunt
921 1605 1094 1678 perpetuo.
1214 1632 1221 1638 -

288 1697 355 1770 Ubi
378 1722 512 1793 quoque
536 1696 712 1769 adfuerunt
735 1697 908 1793 praesentes
933 1696 1133 1788 Golbertus,
1157 1700 1325 1796 Paganus,

240 1813 355 1911 Cuigo
368 1812 549 1910 presbiteri,
566 1817 600 1884 &
614 1815 812 1902 Torrcncus,
827 1813 963 1910 &super
975 1812 1074 1886 altare
1088 1837 1201 1884 coram
1217 1817 1326 1886 omni-

241 1929 302 2000 bus
319 1930 510 2025 posuerunt,
523 1955 559 2000 ut
571 1929 624 2001 illa
641 1928 777 2000 donatio
789 1954 984 2026 perpetuum
1001 1929 1150 2003 obtineat
1163 1933 1323 2029 vigorem.

239 2212 1326 2263 ὢῶῶὢῶὣὢῶὢὢῶὢῶῶὣὣῶὢῶὣῶῶὣῶὢῶὢῶὣῶὣῶὣῶὢῶὣῶὣὣῶ

385 2475 451 2553 235
461 2515 465 2524 .
491 2462 581 2528 Corra
601 2463 772 2551 Esmidonis
789 2469 905 2555 nepotis
921 2466 1059 2530 otiandi
1070 2468 1177 2556 primi.
1203 2434 1205 2444 Ι

733 2621 839 2684 (uu.)

267 2964 272 2975 .
309 2930 324 3020 ‘3
376 2914 413 2976 T·
432 2914 467 2982 'ss'
480 2908 683 2982 OLUMUS
701 2910 764 2980 effe
781 2908 995 2982 memorabile
1014 2907 1106 3006 quod
1130 2909 1256 2982 [smido
1270 2915 1326 3007 qui

313 3024 318 3086 ἶ
347 3066 349 3069 »
425 3001 459 3161 {³
479 3023 539 3092 fuit
568 3050 671 3120 nepos
703 3022 832 3094 domini
856 3023 993 3094 Ainardi
1021 3021 1158 3095 donavit
1183 3023 1325 3096 ecclesrae

307 3128 388 3230 Lm&
430 3108 444 3175 i
481 3137 676 3209 Dominensi
690 3141 722 3209 in
736 3139 1099 3212 vitasua&monacbis
1110 3139 1234 3211 ibidem
1246 3168 1325 3213 con-

236 3255 449 3343 versantibus,
470 3256 617 3350 quinque
641 3252 760 3325 solidos
777 3258 811 3325 ὃ(
828 3281 933 3325 unum
955 3255 1150 3350 quartallum
1167 3253 1208 3326 de
1229 3257 1325 3327 melle

237 3378 270 3444 in
294 3371 466 3467 parrochia
483 3369 611 3439 Villaris
633 3367 782 3439 Bonaldi.
804 3369 904 3440 Hanc
923 3366 1140 3441 donationem
1156 3371 1233 3442 fecit
1253 3369 1325 3469 post

237 3488 403 3560 deceffum
417 3485 561 3578 ejusdem
574 3483 767 3574 Esmidonis,
783 3487 816 3555 in
830 3482 967 3557 claustro
980 3484 1070 3583 apud
1083 3487 1278 3575 Dominam,
1292 3491 1324 3557 in
1357 3484 1364 3502 ⁸

237 3605 406 3703 praesentia
423 3601 551 3673 domini
572 3599 731 3672 Guicardi
745 3602 868 3691 Prioris,
884 3602 1192 3699 monachorumque
1207 3604 1272 3674 loci
1290 3605 1325 3673 il-

236 3725 308 3809 iius,
320 3725 354 3792 ὅ(
363 3720 541 3790 multorum
555 3719 696 3788 militum
709 3719 913 3814 aliorumque
925 3717 1100 3789 hominum
1109 3718 1173 3789 iilic
1183 3715 1325 3789 affisten-

237 3841 330 3908 tium.
354 3838 431 3905 Duo
447 3833 558 3904 fratres
576 3833 669 3920 illius,
689 3829 879 3929 praepofitus
901 3830 1052 3905 videlicet
1069 3831 1110 3902 de
1134 3833 1323 3903 Maurienna

236 3954 270 4020 ὅ(
297 3947 467 4034 Αὼετωε,
496 3946 550 4017 sed
570 3951 604 4018 &
626 3950 680 4038 (r)
703 3971 903 4018 memoratus
928 3946 1082 4018 dominus
1103 3944 1263 4018 Ainardus
1283 3946 1322 4017 dc

273 4147 307 4200 ξι]
325 4146 365 4190 nin
380 4144 474 4207 legunt:
489 4139 595 4191 Arborio
612 4137 696 4194 sudem
708 4160 753 4188 uon
768 4144 838 4190 benc.
853 4143 913 4209 Vide
926 4146 997 4190 etiarn
1015 4143 1072 4188 inire
1084 4160 1088 4187 :
1096 4137 1172 4205 sed&
1185 4138 1263 4202 oddo,
1278 4152 1321 4189 ω.
