3150 5174
539 506 771 600 Carntlare
792 507 847 601 de
868 514 1069 602 Domina.
1287 551 1345 640 49

255 853 1346 916 ὦὢῶὣῶὢῶὢῶὢῷὢῶᾢῶὣῷὣῷὣῶὣῶῶὢῶῶὣῶῶὢῶῶὣῶᾢῶῶᾢῶᾣ

249 1176 312 1250 47.
327 1161 424 1230 Corra,
434 1166 643 1236 vuillelmi&
658 1174 760 1238 uxoris
772 1177 836 1263 ejus
848 1172 998 1240 Elmende
1015 1176 1052 1240 de
1064 1175 1261 1265 Monteforri
1277 1177 1292 1266 (
1317 1179 1342 1266 ).

411 1761 412 1770 ἵ
549 1672 742 1742 eminiscens
759 1670 1006 1743 multitudinem
1018 1699 1169 1745 meorum
1181 1682 1346 1772 peccami-

261 1795 289 1875 ’ἦ
307 1818 412 1877 „AB
426 1813 526 1873 num,
553 1813 620 1856 una
643 1812 721 1857 cum
739 1786 896 1858 consensu
922 1791 957 1858 δε
981 1785 1118 1860 consilio
1136 1794 1243 1861 uxoris
1261 1819 1343 1864 meae

251 1901 416 1973 Hmendae
428 1906 463 1974 &
478 1901 622 1973 filiorum
635 1900 819 1974 nostrorum
830 1901 921 1975 dono
930 1904 1079 1975 Domino
1090 1906 1165 1976 Deo
1176 1910 1211 1976 δε
1224 1907 1343 1979 sanctis

249 2017 406 2116 apostolis
416 2027 486 2113 ejus
503 2021 643 2122 Petro&
660 2019 759 2090 Paulo
775 2022 810 2090 δι
822 2018 865 2089 ad
877 2019 990 2091 locum
1003 2020 1218 2110 Cluniacum,
1231 2027 1266 2094 δε
1278 2023 1342 2094 fia-

249 2132 353 2205 tribus
363 2135 420 2230 qui
432 2157 603 2205 morantur
611 2132 700 2230 apud
712 2136 910 2223 Dominam,
923 2133 1035 2228 ibique
1047 2135 1343 2210 serviuntDomino

247 2248 309 2320 sub
327 2250 465 2349 regulari
482 2253 609 2321 tramite
626 2250 727 2321 sancti
738 2248 919 2338 Benedicti,
935 2250 1134 2322 &omnibus
1147 2253 1264 2324 sanctis
1278 2256 1342 2325 Dei

247 2391 311 2462 pro
323 2363 552 2465 redemptione
568 2368 687 2437 animae
704 2391 787 2436 meae
800 2371 835 2437 δε
847 2369 999 2437 omnium
1016 2365 1159 2438 filiorum
1175 2395 1339 2460 meorum,

246 2485 467 2579 omniumque
480 2507 656 2582 parentum
665 2480 815 2554 meo'rum
826 2508 928 2553 unam
939 2485 1071 2555 vineam
1079 2515 1089 2573 3
1103 2483 1174 2555 haec
1188 2483 1234 2556 est
1244 2490 1341 2559 vinea

245 2603 282 2670 in
296 2600 489 2671 Monteforti
504 2597 575 2688 sita,
584 2603 618 2670 ὅ(
627 2601 741 2670 omnia
759 2598 802 2669 ad
811 2597 963 2670 eamdem
969 2602 1180 2697 pertinentia,
1196 2607 1231 2674 &
1242 2602 1339 2699 quid-

245 2713 331 2811 quid
348 2715 391 2786 ad
407 2715 565 2787 eumdem
580 2717 732 2787 curtilum
756 2718 898 2812 pertinet
922 2714 1056 2802 servitii,
1078 2741 1184 2788 totum
1201 2723 1235 2789 δε
1251 2722 1339 2791 inte-

244 2856 346 2930 grum
359 2831 452 2903 trado
464 2835 499 2903 &
512 2831 605 2904 dono
615 2831 805 2929 supradictis
817 2833 992 2903 monachis
1004 2830 1248 2929 poffidendum.
1259 2837 1339 2906 Prae-

244 2950 345 3046 cipue
356 2976 434 3020 vero
448 2950 535 3020 hanc
549 2947 766 3021 donationem
779 2952 814 3018 δε
823 2944 1054 3019 eleemosinam
1062 2947 1148 3020 facio
1160 2976 1220 3046 pro
1229 2954 1339 3021 anima

245 3064 363 3136 Caroli
378 3064 434 3136 filii
450 3063 549 3137 nostri
561 3068 618 3161 qui
631 3059 773 3162 sepultus
791 3061 837 3133 est
852 3067 886 3133 in
904 3062 1024 3134 eodem
1039 3062 1236 3137 monasterio
1249 3065 1338 3162 apud

244 3181 446 3269 Dominam,
467 3204 503 3249 ut
518 3181 549 3249 ei
564 3181 730 3250 Dominus
742 3201 936 3275 perpetuam
952 3175 1115 3248 concedat
1126 3203 1338 3274 peccatorum

242 3293 488 3394 indulgentiam
510 3300 544 3367 ὅ(
571 3294 675 3366 donet
692 3321 768 3366 cum
791 3295 909 3366 sanctis
933 3293 1088 3365 omnibus
1105 3298 1205 3366 vitam
1229 3300 1263 3366 ὅ(
1289 3323 1337 3367 re-

240 3415 359 3509 quiem
367 3412 609 3509 sempiternam.
623 3409 796 3508 Quidquid
807 3437 885 3483 veto
898 3408 980 3481 boni
993 3408 1034 3480 de
1044 3411 1108 3481 hoc
1118 3410 1228 3483 nostro
1241 3410 1332 3484 dono

240 3527 446 3598 habitatores
463 3526 622 3619 jamdicti
639 3528 704 3598 loci
720 3525 841 3596 habere
858 3530 1038 3621 potuerint,
1057 3527 1133 3598 volo
1149 3530 1183 3597 ὅ(
1200 3553 1283 3624 rogo
1300 3554 1336 3598 ut

239 3641 436 3740 expendant
452 3645 486 3712 in
497 3644 623 3715 servitio
634 3642 740 3712 altaris
753 3642 872 3713 sanctae
885 3643 1007 3731 Mariae,
1024 3646 1058 3712 δε
1070 3641 1336 3714 illorumsancto

239 3784 317 3829 rum
330 3761 365 3828 in
382 3785 524 3854 quorum
537 3759 727 3829 consecrata
739 3754 786 3827 est
802 3754 937 3826 ecclesia
950 3756 1088 3827 honore.

292 3875 325 3944 S.
346 3874 536 3961 Vuillelnri3
561 3876 667 3944 uxoris
689 3880 758 3965 ejus
785 3869 959 3942 Elmendae.
983 3872 1014 3940 S.
1042 3870 1183 3942 filiorum
1204 3870 1332 3942 illorum

238 3993 338 4079 Petri,
358 3991 506 4079 Bosonis,
528 3987 755 4087 Romestagni,
774 3989 946 4073 Torrenci,
961 3995 1138 4080 cumcujus
1155 3983 1332 4059 consilio&

237 4106 366 4178 auxilio
384 4107 471 4177 hanc
486 4106 703 4178 donationem
722 4104 871 4175 fecimus.

258 1587 260 1638 ς
286 1574 406 1857 δῖ
424 1556 586 1627 ClnNT
603 1556 716 1628 fideles
732 1562 844 1629 cuncti
860 1558 953 1654 quod
970 1585 1034 1658 ego
1060 1560 1257 1635 Vuillelmus
1281 1591 1344 1637 no-

258 1726 275 1742 „
295 1732 341 1841 ἢ
358 1676 406 1817 ‘13‘
428 1671 517 1741 mine
534 1697 548 1740 r

1129 4223 1186 4308 4*
