3150 5174
238 545 293 626 42
512 514 745 605 Castulare
767 513 821 605 de
843 484 1045 605 Domina.

238 809 1325 864 ὣῶὣῶὣὣῶὣῶὣῷῶῶὣᾶὣῶὣὼὥῶὣῶὣῶὣῶὣῶὢῶὢῶὣῶῶῶὣᾶ·ὢῶ

239 1127 295 1222 38.
316 1130 406 1197 Curta
423 1133 601 1221 Quotesmi
623 1135 742 1202 ssoreHi
765 1137 802 1201 de
827 1159 889 1203 roro
907 1141 1017 1203 honore
1045 1163 1128 1226 quem
1150 1140 1275 1205 habebar
1289 1142 1330 1209 a'n

528 1249 593 1315 <Mi
609 1253 707 1316 erineo
718 1248 825 1339 ,sensio
842 1252 933 1318 Petro
951 1253 1033 1317 dato.

293 1636 294 1655 Χ
361 1624 371 1648 ι
408 1568 443 1668 5
466 1549 542 1619 CO
560 1576 713 1647 peccator
729 1551 923 1620 Nantelmus
932 1550 1024 1620 miles
1033 1576 1092 1646 pro
1101 1550 1333 1647 multiplicium

293 1699 298 1742 ;4
315 1690 330 1718 1²
361 1734 391 1770 r.
402 1664 436 1754 ‘J
466 1670 695 1761 peccaminum
713 1692 861 1737 meorum
879 1664 1231 1739 remiffione&animae
1247 1693 1333 1739 meae

292 1825 294 1835 ·
370 1782 381 1867 ζ
466 1781 690 1878 redemptione
700 1782 752 1852 seu
763 1785 869 1852 uxoris
878 1808 974 1868 mete,
985 1785 1020 1852 &
1032 1781 1171 1852 filiorum
1180 1809 1334 1853 meorum

237 1899 454 1993 omniumque
463 1901 722 1994 propinquorum
730 1923 880 1969 meorum
888 1899 1035 1968 vivorum
1045 1894 1107 1967 five
1123 1920 1333 1969 mortuorum

240 2011 352 2101 salute,
363 2010 454 2083 dono
468 2015 688 2109 omnipotenti
705 2015 780 2083 Deo
797 2012 975 2107 sanctisque
992 2019 1061 2104 ejus
1078 2010 1229 2107 apostolis
1239 2014 1334 2086 Petro

241 2128 389 2198 &Paulo
414 2126 613 2224 adquorum
638 2129 771 2199 salutare
795 2125 977 2224 praesidium
1002 2126 1139 2199 devotus
1154 2127 1331 2228 confiugi0‚

241 2268 301 2312 nec
320 2268 387 2315 non
405 2248 439 2314 ὅ(
456 2245 627 2315 monachis
645 2242 876 2315 Cluniensrbus
893 2242 936 2314 ad
952 2241 1183 2315 monasterium
1196 2242 1239 2315 de
1257 2246 1334 2318 Do·

240 2362 331 2430 mina
346 2386 445 2430 omne
463 2359 623 2456 quidquid
639 2359 798 2457 possidere
814 2359 926 2433 videor
945 2364 979 2432 in
997 2359 1092 2450 silvie,
1110 2364 1144 2431 in
1161 2365 1276 2451 vineis,
1296 2366 1332 2434 in

240 2481 363 2572 campis
379 2481 413 2547 ὅ(
429 2479 462 2546 in
479 2480 576 2573 pratis
594 2502 765 2573 totumque
782 2476 874 2572 quod
890 2504 1002 2548 meum
1013 2477 1077 2548 esse
1092 2475 1208 2548 dicitur
1215 2480 1250 2548 in
1259 2478 1335 2551 villa

241 2591 293 2661 seu
310 2591 386 2664 loco
411 2596 467 2688 qui
491 2618 625 2664 vocatur
642 2593 836 2681 Miseriacus,
861 2616 959 2689 atque
985 2618 1005 2662 a
1029 2591 1165 2663 flumine
1190 2593 1280 2666 Isarae
1298 2600 1334 2667 &

241 2711 336 2799 ultra3
355 2737 397 2781 eo
414 2736 539 2799 tenore,
569 2736 604 2780 ut
628 2709 784 2806 quamdiu
810 2736 875 2809 ego
891 2713 1013 2798 vixero,
1033 2708 1156 2805 praesati
1173 2712 1334 2783 monachi

241 2829 334 2896 omni
350 2852 439 2898 anno
456 2825 600 2897 habeant
616 2825 657 2897 de
674 2854 750 2897 meo
768 2851 907 2922 quatuor
925 2824 1065 2898 sestarios
1081 2829 1148 2898 vini
1164 2830 1236 2923 puri
1246 2829 1335 2901 &ad

242 2967 381 3036 quatuor
404 2968 522 3037 porcos
543 2939 723 3038 pastionem
742 2947 776 3013 ἅ
792 2942 882 3040 signa
906 2940 949 3011 ad
974 2941 1066 3011 usum
1084 2941 1148 3012 soci
1164 2966 1225 3038 pro
1241 2941 1337 3016 vesti-

242 3061 342 3129 tione.
372 3057 543 3154 Postquam
568 3084 678 3128 autem
702 3057 743 3128 de
768 3060 832 3129 hoc
858 3058 974 3131 saeculo
999 3062 1194 3156 migravero,
1220 3085 1279 3130 aut
1295 3058 1332 3150 sl,

241 3179 344 3273 gratia
369 3175 477 3247 divina
500 3173 642 3261 savente,
668 3173 817 3245 habitum
834 3174 1073 3245 monachorum
1091 3173 1248 3269 suscipere
1264 3203 1337 3248 me·

242 3325 349 3387 ruero,
361 3301 429 3370 haec
447 3303 560 3371 omnia
576 3324 649 3394 quae
667 3297 820 3393 praedicta
837 3297 963 3368 suotita
977 3321 1136 3393 perpetuo
1149 3294 1337 3393 possideant

241 3417 276 3483 ὅ(
293 3439 426 3484 teneant
441 3412 585 3510 praedicti
602 3414 757 3483 monachi
773 3439 851 3483 cum
867 3410 1022 3484 omnibus
1040 3412 1101 3481 suis
1115 3410 1333 3507 appendiciis,

244 3528 331 3598 nulla
347 3555 379 3599 re
388 3531 526 3599 omnino
543 3526 585 3598 de
603 3528 652 3598 his
669 3553 742 3624 quae
756 3525 843 3597 dicta
852 3525 1055 3614 suntablata,
1066 3525 1119 3596 seu
1129 3550 1340 3599 commutata

243 3670 299 3714 aut
315 3643 488 3731 diminuta,
508 3670 544 3714 ut
561 3644 665 3715 nullus
681 3642 850 3739 deinceps,
862 3641 953 3738 quod
967 3639 1060 3730 absit,
1072 3643 1338 3737 propinquorum

244 3787 393 3832 meorum
416 3758 480 3831 sive
506 3785 732 3832 extraneorum
757 3759 802 3831 ibi
826 3760 1023 3830 calumniam
1048 3761 1193 3856 irrogare
1213 3758 1334 3832 valeat.

244 3875 347 3971 Quod
365 3874 386 3947 sr
404 3875 500 3964 sorte,
520 3876 651 3948 diabolo
678 3875 845 3964 suadente,
873 3877 1060 3973 contigerit,
1079 3876 1159 3943 iram
1178 3874 1243 3945 Dei
1259 3901 1340 3946 om-

246 3995 578 4089 nipotentisincurrat,
590 3997 645 4088 qui
655 3995 718 4063 hoc
729 3991 832 4063 facere
840 3991 1086 4088 praesumpserit,
1099 3987 1156 4060 nisi
1167 3989 1210 4061 ad
1218 4016 1341 4063 emen-

245 4106 412 4178 dationem
430 4133 610 4205 congruam
628 4111 761 4178 venerit.
783 4107 855 4177 Tali
880 4132 990 4177 autern
1015 4108 1140 4176 ratione
1167 4105 1253 4178 facio
1271 4109 1339 4182 hoc
