3150 5174
513 566 748 658 Cartulare
770 564 824 659 de
846 571 1051 660 Domina.
1249 598 1326 688 ης

239 899 1333 952 ἑοὣῶὣῶὢῶὣῶὣῶὣῶὢῶὣῶὣῶὣῶῶὣῷὣὣῷὣῶῶῶὣῶὣῷὣῶᾢῶὣῶ

362 1199 440 1296 146.
461 1208 553 1274 Carra
566 1206 717 1294 demenso
730 1207 859 1273 cArberri
871 1206 909 1272 de
920 1206 1042 1274 Monte
1054 1207 1204 1274 Uorcino.
1273 1200 1277 1217 ’

396 1515 493 1585 GO
518 1514 675 1586 Arbertus
693 1518 728 1584 δι
745 1540 827 1585 uxor
846 1540 922 1584 mea
943 1517 1080 1585 nomine
1097 1515 1199 1586 Clara
1222 1514 1328 1586 dona-

402 1616 404 1701 ἶ
420 1658 494 1700 mus
510 1633 662 1702 mansum
680 1656 784 1700 unum
806 1631 920 1701 sancto
941 1632 1081 1728 principi
1107 1628 1331 1728 apostolorum

313 1832 326 1835 ἢ
376 1834 380 1835 ⁷
400 1738 402 1773 ³
420 1743 558 1818 Petroad
566 1746 680 1817 locum
689 1747 747 1842 qui
758 1747 948 1816 nominatur
958 1746 1140 1817 Cluniacus
1153 1745 1211 1817 ubi
1219 1743 1334 1843 praeest

237 1859 1330 1959 dominusabbasHugo‚proredemptioneanimarumnostrarum

237 1980 292 2049 seu
307 2002 482 2076 parentum
494 1973 679 2048 nostrorum
694 1978 774 2046 utin
784 2002 923 2046 numero
935 1976 1115 2048 electorum
1130 1977 1252 2049 Christi
1261 2005 1334 2048 rne-

238 2120 366 2164 reamur
378 2094 563 2191 aggregari.
582 2088 630 2162 list
643 2116 754 2161 autern
769 2088 845 2161 situs
857 2093 891 2160 in
906 2091 1095 2188 episcopatu
1108 2094 1336 2191 Gratianopo-

238 2209 342 2278 litano
361 2210 394 2277 in
412 2207 488 2278 villa
503 2206 555 2277 vel
570 2205 647 2276 loco
665 2206 722 2300 qui
739 2195 929 2275 nominatur
946 2203 987 2274 de
1013 2205 1129 2276 Monte
1151 2206 1333 2296 Vuarcino,

239 2349 341 2420 quem
355 2324 476 2395 excolit
484 2324 587 2394 homo
600 2317 737 2418 quidam
751 2323 888 2392 nomine
898 2320 1111 2417 Lesprannus.
1126 2322 1228 2392 Hunc
1238 2323 1338 2420 igitur

240 2440 390 2510 mansum
408 2465 486 2509 cum
506 2441 600 2511 omni
613 2439 799 2536 integritate
817 2435 1033 2508 concedimus
1053 2436 1204 2508 fratribus
1222 2441 1334 2509 omni-

239 2559 370 2654 potenti
393 2558 543 2627 Domino
563 2552 718 2625 &beatis
737 2553 891 2650 apostolis
908 2553 970 2624 suis
987 2553 1199 2626 servientibus
1216 2556 1250 2624 in
1266 2563 1335 2647 jam

241 2676 414 2745 nominato
432 2673 523 2757 loco,
543 2696 580 2741 ut
591 2670 638 2770 ad
653 2668 858 2743 serviendum
873 2673 1023 2743 Domino
1036 2669 1253 2743 sustententur
1265 2698 1337 2743 cor-

241 2789 328 2884 poris
345 2787 518 2857 alimento.

287 2904 333 2975 Ut
349 2926 462 2972 autem
475 2903 541 2972 hoc
554 2899 776 2972 nostraebonae
789 2902 967 2973 voluntatis
980 2899 1197 3000 gratissimum
1204 2899 1332 2973 donum

240 3017 393 3088 obtineat
410 3021 560 3116 vigorem
579 3041 790 3113 perpetuum,
809 3020 844 3086 δι
864 3014 922 3114 ipsi
940 3017 1139 3090 firmavimus
1155 3020 1189 3087 δι
1204 3016 1339 3087 firman—

241 3132 322 3204 dum
340 3136 504 3204 amicis&
528 3130 659 3204 testibus
678 3131 880 3204 tradidimus.
906 3134 938 3202 Si
954 3157 1091 3222 autem,
1120 3131 1213 3229 quod
1238 3130 1336 3217 absit,

238 3249 355 3343 aliquis
381 3250 643 3345 propinquorum
665 3245 716 3318 vel
742 3272 971 3317 extraneorum
995 3245 1111 3319 nostroe
1129 3248 1205 3318 huic
1222 3248 1336 3345 gratis-

240 3360 327 3433 srmae
340 3360 546 3434 eleemosinae
560 3361 900 3434 contrariusexstiterit
913 3362 1214 3458 velinquietaverit,
1227 3367 1337 3435 omni-

239 3483 385 3575 potentis
404 3482 519 3550 Dei&
538 3477 712 3550 beatorum
729 3476 955 3575 apostolorum
982 3482 1064 3549 iram
1090 3483 1250 3565 incurrat,
1279 3477 1335 3549 nisi

239 3593 406 3692 resipuerit
421 3599 455 3665 ὅ(
470 3622 620 3694 congrua
637 3594 857 3666 satisfactione
870 3594 935 3666 sese
948 3593 1185 3667 emendaverit.

287 3713 319 3780 S.
345 3712 475 3782 Arberti
492 3715 526 3781 &
548 3714 653 3783 uxoris
674 3719 744 3803 ejus
769 3711 878 3782 Ciarae
896 3713 952 3807 qui
977 3711 1041 3782 hoc
1060 3714 1336 3782 incartamentum

239 3830 307 3898 fieri
320 3829 488 3921 jufferunt.
