3150 5174
250 506 334 597 250
520 472 751 566 Castulare
772 471 827 564 de
851 474 1053 565 Domina.

295 736 327 815 5.
350 721 384 789 ln
407 718 459 789 illa
477 718 648 815 parrochia
667 714 802 789 rusticus
818 715 955 813 quidam
967 720 1025 815 qui
1038 742 1179 790 vocatur
1193 718 1333 791 Bonetus

244 832 345 906 debet
360 834 477 906 decem
494 834 645 906 denarios
664 837 698 905 ὅ(
720 831 801 903 duas
822 832 979 922 focacias,
998 838 1034 906 δι
1051 858 1199 931 quatuor
1215 834 1329 933 pullos.

247 950 323 1021 Hoc
341 949 470 1021 donum
486 949 565 1022 fecit
581 951 689 1021 Petrus
703 946 909 1020 Barbarinus.

294 1068 401 1139 Petrus
418 1068 530 1139 Guilla
547 1066 646 1138 debet
663 1092 726 1138 tres
743 1065 906 1156 denarios,
921 1066 1136 1165 Engelbettus
1150 1066 1244 1141 sutor
1259 1072 1332 1141 odo

244 1180 396 1253 denarios
417 1179 458 1252 de
478 1208 600 1278 campo
619 1184 676 1276 qui
692 1180 740 1252 est
755 1189 846 1274 juxta
862 1179 1001 1253 domum
1018 1184 1210 1281 Arengerii.

291 1294 326 1369 ό.
347 1298 405 1367 Pro
417 1297 529 1367 anima
543 1294 712 1367 ismidonis
724 1293 968 1369 delaCambra
976 1294 1141 1369 dederunt
1149 1322 1260 1371 mater
1267 1306 1332 1393 ejus

244 1417 278 1484 ὅ(
291 1412 401 1482 fratres
414 1414 562 1508 quinque
575 1409 694 1483 solidos
705 1410 796 1509 apud
809 1414 1005 1500 Dominam,
1020 1410 1182 1485 laudante
1198 1412 1332 1487 domino

243 1526 389 1599 Ainatdo
409 1528 532 1599 Vetulo
550 1533 584 1600 ὅ(
601 1528 672 1599 filiis
692 1536 774 1621 ejus.
801 1526 865 1597 Filii
884 1526 1018 1600 Bosonis
1038 1532 1073 1600 δι
1090 1526 1149 1599 filii
1166 1528 1333 1601 Nanttltni

243 1639 367 1712 debent
383 1640 468 1712 istud
483 1642 645 1713 servitium
661 1646 696 1713 ἃ
713 1666 818 1712 unum
835 1641 1032 1736 quartallum
1049 1640 1170 1713 mellis.

291 1779 325 1846 7.
343 1757 378 1826 ln
393 1757 563 1853 parrochia
574 1756 669 1827 Viilae
683 1757 789 1829 Novae
801 1754 893 1827 dedit
903 1755 1000 1829 nobis
1010 1754 1331 1831 dominusnlamm

242 1894 303 1940 nus
325 1896 426 1941 unam
451 1870 704 1961 cabannariam3
723 1869 823 1944 debet
840 1872 905 1941 hoc
923 1870 1108 1942 servitium:
1123 1896 1272 1969 quatuor
1285 1872 1330 1947 so

240 1984 324 2057 lidos
342 1991 376 2058 ὃ(
395 1985 478 2058 duos
496 1985 659 2077 denarios,
680 1985 764 2060 duos
781 1983 926 2058 sestarios
943 1983 985 2057 de
1000 2012 1131 2077 avena3
1145 1992 1184 2061 ἃ
1198 1990 1233 2061 in
1256 1987 1331 2061 duas

242 2127 348 2198 partes
363 2101 569 2175 cabannariae
586 2102 745 2175 habemus
762 2101 920 2174 tascham.

289 2218 323 2287 8.
345 2216 450 2288 Oddo
467 2216 508 2287 de
522 2217 623 2289 Revel
634 2216 725 2289 dedit
741 2220 892 2290 Domino
915 2219 989 2289 Deo
1007 2220 1043 2290 δι
1059 2216 1167 2291 beatis
1178 2220 1331 2318 apostolis

242 2333 333 2403 Petro
355 2335 389 2403 &
412 2332 509 2404 Paulo
532 2331 621 2429 apud
644 2334 825 2404 Dominam
847 2357 908 2429 pro
930 2332 1042 2403 anima
1059 2332 1168 2407 fiattis
1185 2336 1251 2427 sui,
1268 2336 1331 2409 lau-

242 2445 341 2517 dante
355 2448 501 2533 Ancilia‚
523 2473 582 2544 pro
604 2448 747 2520 filiosuo
766 2450 912 2543 quinque
929 2445 1062 2537 solidos,
1080 2447 1168 2523 duos
1190 2476 1331 2549 capones

241 2566 272 2631 in
287 2562 363 2634 loco
384 2566 440 2659 qui
460 2587 597 2636 vocatur
618 2564 733 2651 Bolot3
754 2564 788 2633 in
808 2562 924 2634 Natale
946 2563 1087 2634 Domini
1107 2588 1173 2637 tres
1192 2564 1328 2653 solidot3

242 2673 325 2745 duos
344 2701 488 2772 capones
507 2678 539 2745 in
556 2673 835 2774 Qadragestma3
850 2677 883 2745 in
898 2674 1088 2748 Pentecoste
1101 2674 1189 2751 duos
1199 2678 1326 2755 solidos.

243 2792 319 2863 Hoc
336 2792 497 2863 servitium
512 2791 612 2862 debet
628 2793 736 2862 Petrus
753 2790 920 2863 Atbtrms.

289 2930 323 3005 9.
349 2910 400 2977 Dc
418 2908 537 2979 Sancta
554 2909 655 2978 Maria
672 2907 714 2978 de
733 2906 854 2978 Revel:

292 3022 326 3091 ln
347 3022 506 3091 cimiterio
531 3021 658 3092 Sanctae
679 3021 789 3091 Mariae
811 3017 972 3092 habemus
993 3020 1058 3092 tale
1081 3021 1270 3097 servitium:

291 3137 342 3206 Dc
368 3134 497 3205 cellario
519 3134 648 3205 Arbcrti
669 3133 710 3205 de
734 3133 947 3233 Longuavilla
967 3159 1070 3205 unum
1091 3138 1269 3211 cartallum
1292 3138 1328 3211 de

243 3250 349 3321 melle.
360 3248 522 3321 Geraldus
535 3251 681 3322 ioannes
699 3276 803 3320 unum
821 3249 934 3320 sellum
952 3250 1103 3323 mellis&
1114 3278 1225 3325 unum
1236 3252 1329 3327 dena·

243 3370 336 3437 rium.
351 3366 508 3435 Martinus
530 3366 616 3437 sutor
637 3391 740 3435 unum
762 3365 875 3436 sellum
892 3365 1009 3435 mellis.
1026 3365 1145 3465 Guigo
1159 3370 1328 3441 Antelmut

243 3508 304 3553 tres
317 3481 480 3552 denarios.
499 3482 605 3552 Petrus
619 3480 660 3552 dc
675 3482 790 3553 Molati
801 3482 926 3579 septem
939 3479 1102 3554 denarios.
1116 3484 1283 3583 Otgetius
1292 3482 1329 3559 dt

243 3601 342 3673 Revel
354 3626 457 3670 unum
470 3600 611 3670 caseum.
628 3601 735 3671 Petrus
745 3599 786 3670 de
795 3600 899 3695 Aquis
910 3599 1034 3696 septem
1048 3597 1219 3675 denarios.
1231 3602 1329 3677 oddo

242 3716 402 3788 Malianus
414 3715 465 3786 sex
479 3712 640 3786 denarios.
658 3713 739 3786 Odo
754 3716 913 3785 Otmarus
925 3714 977 3784 sex
990 3712 1158 3787 denarios.
1169 3716 1329 3791 Geraldus

240 3831 492 3904 Urseriusunum
502 3827 825 3900 denariumSimcon
835 3825 877 3898 de
885 3828 1000 3899 Monte
1010 3853 1156 3923 quatuor
1164 3830 1324 3907 denarios.

242 3949 346 4017 Petrus
359 3945 399 4016 dc
414 3946 529 4015 Monte
542 3943 626 4015 duos
640 3942 802 4016 denarios.
827 3942 1017 4015 lambertus
1030 3945 1178 4019 Ursetius
1193 3976 1330 4047 quatuor

240 4061 400 4133 denarios.
424 4058 583 4130 Rodulfus
597 4059 648 4129 sex
662 4056 823 4131 denarios.
847 4060 1005 4156 Otgerius
1017 4058 1059 4129 de
1073 4060 1180 4135 Revel
1192 4090 1330 4162 quatuor
