3150 5174
521 502 753 592 Cartulare
776 500 829 591 de
852 503 1055 591 Domina.
1250 534 1333 625 249

244 766 309 813 trus
327 743 457 839 Caleph
469 799 478 830 ,
505 741 690 814 Rodbertus
711 743 892 830 Salnerius,
913 743 1059 813 loannes
1084 743 1275 814 Guarn'tnus
1301 748 1335 816 ὅ(

244 857 442 930 Carboldus.

294 993 325 1042 2.
348 974 532 1044 Pontius&
554 974 659 1070 Hugo
678 972 827 1044 medicus
848 973 961 1044 fratres
980 973 1215 1044 monachicum
1239 973 1333 1045 habi-

242 1115 313 1160 tum
334 1094 533 1187 accipientes
552 1116 636 1160 unus
649 1088 722 1186 post
736 1091 834 1161 alium
849 1088 1011 1161 dederunt
1029 1087 1110 1160 duas
1126 1114 1233 1185 partes
1253 1092 1334 1188 alpis

242 1203 283 1275 de
305 1203 500 1294 Columbo,
525 1206 589 1276 hoc
614 1202 661 1276 esl
686 1207 813 1275 tertiam
836 1228 963 1301 partem
987 1203 1205 1299 unusquisque
1226 1232 1284 1302 per
1303 1203 1335 1276 se

242 1320 357 1415 ipsum.

290 1433 405 1529 Guigo
428 1431 628 1502 Nantelmus
655 1432 921 1528 consanguineus
942 1428 1076 1502 istorum
1101 1430 1142 1502 de
1168 1434 1264 1504 vinea
1291 1430 1335 1502 ad

240 1552 343 1644 Aquis
363 1548 465 1620 debet
483 1546 567 1619 duos
583 1547 703 1620 solidos
717 1548 884 1619 censuales
897 1574 1003 1619 unum
1019 1546 1190 1620 denarium
1206 1552 1328 1620 minus.

289 1667 448 1740 Radulfus
466 1667 506 1740 de
525 1670 645 1739 Sancta
663 1670 764 1738 Maria
782 1665 882 1758 debet
894 1664 1074 1738 duodecim
1084 1665 1236 1739 denarios
1246 1692 1331 1763 quos

240 1782 333 1856 dedit
351 1782 455 1855 Oddo
474 1783 516 1854 de
534 1783 669 1854 Revello
687 1784 721 1853 in
740 1780 832 1852 obitu
851 1782 919 1853 suo.

291 1919 324 1999 3.
345 1899 451 1971 Oddo
466 1901 624 1970 Otmatus
641 1899 793 1970 saeculum
811 1895 1006 1992 delinquens
1023 1897 1189 1970 &habitu
1209 1924 1330 1970 mona-

238 2015 338 2085 chico
359 2040 497 2112 accepto
517 2013 674 2084 undecim
698 2011 849 2083 denarios
874 2011 985 2102 dedit,
1006 2041 1091 2110 quos
1112 2012 1237 2086 debent
1257 2010 1327 2084 illi:

239 2131 349 2200 Petrus
366 2132 462 2200 Pancl
474 2130 539 2216 sex,
556 2128 751 2199 Guillelmus
768 2125 925 2223 presbiter
938 2152 1013 2217 tres,
1029 2133 1064 2200 ἃ
1078 2131 1206 2200 Paretus
1224 2126 1328 2217 duos3

237 2248 273 2315 ἃ
290 2246 420 2342 insuper
436 2269 567 2341 pratum
587 2247 621 2314 ὅ(
641 2241 855 2314 medietatem
873 2247 1014 2315 nemoris
1031 2245 1113 2315 ultra
1132 2245 1249 2315 Isaram
1266 2241 1329 2314 flu-

236 2362 339 2430 vium.
360 2360 468 2429 Aliam
485 2385 562 2429 vero
580 2356 804 2444 medietatem,
821 2383 922 2452 quam
936 2359 1096 2431 Otmarus
1112 2357 1153 2431 de
1172 2359 1268 2430 Biveu
1283 2382 1330 2430 te-

237 2501 297 2547 net
310 2475 351 2547 de
362 2504 403 2547 eo
416 2474 488 2573 post
501 2474 629 2546 obitum
638 2472 748 2571 ipstus,
760 2471 852 2544 dedit
865 2471 1017 2545 similiter.
1037 2476 1171 2546 Pactum
1188 2474 1251 2544 tale
1268 2470 1326 2561 esl,
1416 2517 1419 2521 ·

237 2619 287 2680 ur,
309 2594 452 2663 Onnato
469 2592 600 2662 mortun
612 2649 622 2680 ,
644 2589 687 2661 ad
708 2588 894 2661 Oddonem
911 2615 1106 2681 revertatur3
1127 2592 1328 2688 &linguam

238 2734 341 2778 unam
357 2710 391 2777 in
410 2707 462 2777 die
479 2709 568 2778 lovis
586 2705 627 2776 de
646 2730 793 2777 mercato
810 2704 935 2776 reddat.

286 2842 321 2915 4.
346 2822 469 2891 Varina
488 2847 569 2891 uxor
581 2820 727 2890 Antelmi
747 2822 856 2893 Tovet
873 2819 1006 2893 devovit
1022 2820 1054 2891 se
1076 2819 1273 2893 monasterio
1286 2818 1328 2891 de

238 2938 400 3024 Domina,
420 2940 454 3007 ὃ(
467 2931 587 3005 dimisit
602 2933 648 3005 ibi
668 2960 770 3004 unam
787 2932 991 3023 bordariam,
1006 2961 1081 3032 quae
1094 2933 1194 3007 debet
1210 2933 1327 3006 decem

237 3055 271 3122 &
285 3075 363 3121 octo
377 3048 529 3121 denarios
546 3076 607 3145 pro
625 3074 715 3146 agno
728 3074 787 3119 aut
798 3052 915 3148 viginti
932 3107 1126 3120 ..........
1145 3050 1276 3139 scilicet,
1292 3055 1326 3122 &

237 3166 319 3237 duas
332 3165 519 3237 focarias&
529 3191 591 3236 tres
605 3192 749 3262 capones
759 3164 886 3238 &duos
896 3192 1008 3263 panes.
1027 3168 1105 3239 Hoc
1113 3166 1328 3240 laudavemnt

237 3309 354 3373 omnes
372 3282 428 3353 filii
447 3283 492 3351 sui
510 3286 543 3354 ὅ(
562 3281 645 3352 fil'ae.

286 3401 487 3471 PetrusVivo
500 3403 535 3469 δ(
547 3398 642 3469 frater
653 3407 723 3490 ejus
739 3396 864 3470 debent
881 3427 985 3470 unum
1001 3401 1132 3471 caseum
1145 3402 1322 3475 Cluniaco.

287 3517 417 3584 Durant
429 3512 470 3584 de
484 3513 607 3585 Molare
618 3518 652 3586 ὅ(
661 3513 756 3584 frater
768 3521 838 3605 ejus
851 3512 976 3585 debent
987 3540 1091 3585 unum
1104 3517 1235 3588 caseum
1242 3517 1325 3589 Clu·

239 3633 349 3718 niac0,
362 3633 396 3700 ὅ(
412 3630 499 3700 soror
516 3637 586 3720 ejus
604 3632 718 3724 Agnes
732 3654 835 3698 unum
852 3629 982 3700 caseum
999 3630 1176 3702 Cluniaco.

287 3744 350 3815 filii
370 3745 507 3815 loannis
532 3744 685 3840 Gregorii
709 3741 834 3814 debent
859 3771 982 3816 novem
1003 3742 1154 3816 denarios
1172 3744 1213 3815 de
1231 3772 1321 3816 exar-

238 3863 328 3930 tatia.

286 3979 393 4047 Petrus
415 3975 501 4045 sutor
517 3978 573 4070 qui
592 4001 705 4046 manet
727 3974 834 4046 subter
856 3977 983 4048 Sancta
1001 3980 1138 4073 Agnetis
1155 3974 1323 4048 ecclesiam

236 4092 336 4163 debet
354 4093 432 4159 osso
450 4088 612 4159 denarios.
