3150 5174
522 562 754 654 Castulare
777 561 832 653 de
854 566 1057 655 Domina.
1282 597 1338 686 27

238 807 400 903 episcopi,
415 809 450 877 δε
467 804 592 876 audiret
608 807 694 877 mala
707 831 781 902 quae
793 807 950 878 monachi
966 808 1011 878 sui
1025 804 1139 899 injuste
1154 809 1249 878 toties
1259 806 1338 904 passt

238 920 384 1010 fuerant,
397 925 431 992 δι
444 924 552 1019 priora
564 947 638 1019 quae
657 922 753 993 fulco
769 927 803 994 ὅ(
822 923 986 1016 adjutores
1005 923 1051 993 sui
1068 922 1109 993 ad
1123 924 1187 994 hoc
1201 927 1338 1020 permit-

240 1033 371 1124 tebant,
388 1037 556 1133 nullusque
573 1035 619 1108 ibi
631 1038 710 1108 alius
722 1037 813 1125 esset,
833 1041 890 1134 qui
903 1065 941 1108 ex
956 1036 1063 1110 nostra
1080 1063 1170 1136 parte
1187 1041 1340 1110 intereos

238 1154 288 1222 rei
306 1155 484 1223 novitatem
501 1152 614 1241 sciret3
633 1153 799 1249 placitavit
815 1153 856 1224 de
874 1154 936 1225 hac
949 1156 1081 1251 querela
1101 1179 1216 1226 contra
1232 1159 1339 1227 inimi-

239 1292 302 1337 cos
328 1264 465 1358 nostros,
493 1268 683 1357 fulconem,
706 1266 946 1340 Maurestellum
963 1273 997 1340 δι
1016 1271 1087 1341 suos
1104 1296 1182 1340 cum
1202 1269 1338 1342 consilio

239 1380 372 1453 domini
388 1382 557 1455 ismidonis
573 1383 717 1480 episcopi
733 1386 1018 1454 &canonicorum
1037 1392 1107 1477 ejus
1116 1382 1179 1455 fic:
1204 1411 1338 1457 centum

240 1498 364 1570 solidos
384 1523 499 1596 pactus
516 1502 563 1569 eis
580 1524 640 1571 nos
661 1498 806 1588 daturos,
822 1524 923 1569 unam
941 1499 1152 1571 medietatem
1168 1504 1202 1572 in
1220 1499 1338 1574 festivi-

242 1639 312 1686 tate
329 1615 430 1687 sancti
445 1615 599 1703 Androne,
622 1616 719 1686 aliam
735 1618 768 1685 in
786 1619 910 1687 octavis
927 1617 1028 1687 sancti
1045 1617 1173 1707 Hilarii,
1189 1618 1282 1713 quod
1293 1622 1338 1689 ita

240 1733 394 1804 fecimus.
417 1733 586 1804 Novitium
600 1759 733 1828 quoque
752 1759 856 1802 unum
876 1730 964 1825 jussit
980 1732 1022 1804 ad
1039 1735 1103 1806 hoc
1126 1733 1221 1805 nobis
1233 1734 1341 1806 domi-

242 1874 308 1919 nus
320 1846 423 1920 abbas
435 1874 495 1945 pro
508 1850 573 1921 hoc
586 1852 741 1946 recipere,
758 1875 857 1944 quern
869 1850 965 1919 sulco
976 1848 1121 1946 promisit
1137 1849 1178 1922 de
1195 1852 1252 1923 suo
1265 1878 1340 1948 pro

239 1967 318 2063 prio
325 1963 451 2053 vestire,
466 1965 521 2037 sed
530 1963 643 2064 postea
656 1992 756 2062 quarn
771 1992 830 2038 nos
842 1968 1001 2037 novitium
1015 1970 1197 2065 recepimus
1211 1995 1338 2065 nequa-

242 2106 349 2176 quam
363 2081 425 2152 hoc
437 2081 546 2170 fulc0,
564 2106 600 2151 ut
611 2081 812 2178 promiserat,
827 2081 930 2152 voluit
942 2081 1108 2177 perficere.
1122 2084 1251 2154 Tamen
1263 2111 1339 2155 om-

242 2219 325 2264 nem
345 2197 585 2290 querimoniam
609 2220 721 2265 coram
742 2192 881 2265 domino
905 2192 1024 2265 abbate
1044 2200 1078 2266 &
1096 2194 1255 2268 ismidone
1277 2196 1339 2267 do·

242 2314 339 2381 mino
356 2312 510 2409 episcopo
527 2297 656 2408 penitus
673 2310 718 2382 ibi
738 2314 774 2381 in
791 2310 971 2407 supradicta
989 2315 1077 2382 curia
1093 2313 1339 2409 reliquerunt&

242 2422 411 2494 finierunt,
440 2425 486 2494 Hi
515 2425 587 2495 sunt
611 2428 668 2520 qui
692 2426 767 2494 huic
789 2424 910 2519 placito
935 2423 1166 2495 interfuerunt:
1187 2424 1341 2496 Artaldus

245 2540 334 2610 Prior
350 2538 551 2611 Rosanensts.
568 2538 760 2611 ndemanus
774 2540 858 2609 Prior
878 2538 919 2609 de
942 2540 1098 2637 Ronpon.
1124 2542 1232 2611 Petrus
1256 2544 1338 2612 Prae-

243 2652 369 2751 posttus
387 2655 528 2744 Dauvel,
538 2659 572 2726 ὅ(
589 2655 642 2725 alii
655 2655 759 2751 plures
772 2656 935 2724 canonici.
954 2654 998 2724 Eo
1012 2679 1160 2751 tempore
1172 2679 1241 2725 erat
1254 2657 1339 2726 Prior

243 2767 288 2839 de
303 2770 450 2840 Domina
462 2768 616 2841 dominus
631 2770 735 2867 Hugo
747 2768 788 2839 de
802 2768 833 2838 la
847 2769 938 2839 Porta
951 2771 1015 2862 oqui
1037 2767 1186 2840 denarios
1199 2768 1339 2840 reddidit

244 2889 281 2956 &
295 2887 455 2954 novitium
469 2884 614 2979 suscepit.

247 3135 1336 3186 &Mfflwdni&dddspdfflfflssfflmrtdmentis‘dnfflsnspddbdbdcbdmd

248 3424 308 3503 23.
332 3409 423 3476 Carra
435 3410 471 3473 de
488 3411 672 3474 contentione
686 3409 812 3495 quadani
827 3432 889 3494 qno
903 3408 997 3471 evenit
1011 3408 1086 3472 inter
1099 3429 1152 3471 nos
1165 3403 1195 3470 δ’
1208 3408 1341 3472 homines

646 3526 758 3609 nostros
772 3523 808 3587 de
821 3522 939 3588 Mora.

259 3853 265 3865 .
289 3804 376 3889 ’Ἢ
390 3821 406 3883 ·¹,
420 3797 525 3868 OTU
536 3796 569 3864 Μ
583 3796 646 3865 else
660 3798 810 3891 cupimus
823 3791 1032 3890 praesentibus
1042 3798 1076 3863 &
1091 3792 1201 3862 suturis
1211 3790 1251 3861 de
1261 3820 1341 3888 qua.

259 3908 267 3989 Ῐ
283 3891 299 3983 ⁸.
331 3890 374 3915 ‘s
391 3890 406 3987 i
421 3911 498 3982 dam
513 3913 725 3983 contentione
735 3935 809 4006 quae
823 3934 900 3980 nata
912 3906 958 3979 esi
969 3911 1051 3978 inter
1066 3911 1203 3979 Priorem
1216 3907 1257 3978 de
1272 3911 1341 3980 Do

260 4047 266 4059 ·
284 4004 368 4121 {se
380 4044 399 4119 j
421 4029 510 4096 mina
523 4022 1049 4120 dominumvidelicetHugonem
1059 4024 1115 4116 qui
1124 4019 1292 4090 dicebatur
1300 4020 1340 4092 dc

245 4150 278 4219 la
292 4148 397 4233 Porta,
413 4149 446 4215 ὅ(
460 4140 504 4214 est
517 4144 608 4214 finita
622 4167 768 4239 ternpore
783 4138 909 4211 domini
922 4136 1048 4208 Arberti
1063 4138 1182 4206 Prioris.
1196 4137 1339 4207 Joannes
