3150 5174
253 495 302 583 18
519 497 752 592 Castulare
774 499 828 592 de
850 503 1054 593 Domina.

245 789 554 844 &ddddddbdit‘ifi
565 793 1338 846 ὣῶὢῶὣὣῶῶῶὢῶὣῷὣῶὣῶθῶὣῶῶὣῶὢῶὣῶὦ

377 1169 428 1248 15.
454 1159 544 1225 Corra
567 1162 682 1227 domini
694 1159 860 1228 vuillelmi
878 1162 915 1227 de
931 1159 1153 1256 acquifirione(
1177 1159 1204 1248 )

674 1399 907 1463 (uu-nr)

253 1690 298 1732 ee
360 1689 402 1775 q·
423 1666 453 1737 Ν
473 1670 609 1738 nomine
628 1669 764 1739 Domini
790 1670 942 1741 noverint
959 1671 1082 1764 quique
1107 1665 1221 1740 fideles
1242 1667 1339 1766 quod

253 1782 274 1812 ³
300 1860 308 1879 ,r
345 1754 404 1864 ᾗ
422 1778 577 1853 dominus
593 1782 786 1854 Vuillelmus
804 1780 845 1853 de
869 1784 1069 1854 Domina&
1091 1780 1228 1853 domina
1237 1781 1340 1853 Vuil-

302 1880 306 1885 ¹
346 1838 403 1971 KQ
422 1898 521 1970 lelma
531 1921 637 1968 mater
646 1904 728 1990 ejus,
744 1895 951 1972 donaverunt
962 1896 1057 1969 simul
1069 1901 1103 1969 δι
1116 1895 1339 1970 laudaverunt

241 2014 464 2109 omnipotenti
482 2014 556 2084 Deo
576 2012 740 2083 &sanctis
757 2010 911 2110 apostolis
924 2019 995 2105 ejus
1013 2015 1105 2084 Petro
1121 2015 1157 2083 δι
1173 2012 1275 2084 Paulo
1291 2012 1337 2084 ad

240 2127 354 2199 locum
371 2125 412 2199 de
431 2129 591 2217 Domina,
607 2126 769 2225 quidquid
785 2128 942 2200 monachi
959 2126 1001 2200 de
1017 2126 1175 2226 praedicto
1187 2128 1266 2201 loco
1277 2129 1338 2200 ba·

241 2241 368 2314 bebant
383 2243 436 2316 vel
451 2244 617 2338 acquirere
636 2241 792 2341 deinceps
808 2246 976 2340 potuerint
995 2246 1029 2314 in
1046 2240 1188 2315 ecclesiis
1205 2243 1337 2342 episco-

241 2384 336 2458 patus
346 2357 730 2457 Gratianopolitanensrs,
742 2384 817 2455 quae
829 2359 957 2431 illorum
971 2357 1114 2448 fuerunt,
1127 2357 1282 2431 videlicet
1292 2358 1336 2430 de

242 2473 390 2563 decimis,
410 2478 445 2545 ἀ
464 2471 507 2545 de
523 2475 699 2564 cimiteriis,
724 2476 758 2543 ὅ(
775 2472 937 2571 quidquid
954 2471 1126 2545 habebant
1140 2476 1174 2544 in
1196 2474 1337 2572 Campo

241 2586 413 2675 Rotundo,
426 2590 460 2658 δι
476 2589 510 2657 in
527 2584 664 2658 Trevisrs
677 2583 838 2683 quidquid
854 2585 1026 2659 habebant
1041 2585 1289 2658 consuetudinis
1300 2590 1335 2659 in

241 2702 370 2775 duabus
383 2700 553 2791 bordariis,
572 2727 647 2799 quae
663 2701 795 2775 fuerunt
807 2704 943 2774 loannis
960 2700 1002 2773 de
1016 2702 1168 2800 Capella.

289 2820 322 2890 S.
338 2818 504 2890 Vuillelmi
515 2821 550 2889 &
560 2819 671 2888 matris
679 2825 749 2910 ejus
757 2818 941 2890 Vuillelmae
957 2819 1016 2914 qui
1029 2816 1093 2888 hoc
1111 2814 1240 2889 donum
1248 2815 1338 2919 fece-

240 2958 327 3004 runt.
347 2934 380 3004 S.
396 2931 562 3003 Vuillelmi
571 2930 750 3029 presbiteri.
763 2932 795 3003 S.
814 2930 1136 3031 Hugonislltenulfi.
1153 2931 1186 3001 S.
1201 2928 1336 3003 Rodulfi

242 3045 423 3119 Aldeberti.
436 3045 470 3117 S.
481 3044 592 3119 nlvifi.
608 3046 639 3117 S.
656 3044 833 3119 Humberti
846 3045 1032 3135 Benedicti,
1048 3043 1227 3118 Humberti
1239 3047 1339 3119 villici

241 3167 321 3251 ejus.
339 3163 398 3233 Pro
412 3159 475 3232 hac
488 3158 671 3233 donatione
684 3159 918 3234 &laudatione
934 3164 1064 3258 accepit
1075 3158 1231 3233 dominus
1241 3162 1340 3234 Vuil-

240 3276 357 3347 lelmus
369 3303 389 3348 a
405 3274 546 3349 domino
564 3278 714 3375 Hugone
728 3280 831 3349 Priore
844 3279 1086 3375 quinquaginta
1099 3273 1230 3348 solidos.

276 3540 312 3602 (r)
325 3540 385 3587 Hrec
396 3549 462 3588 corta
475 3541 511 3587 bis
525 3543 640 3602 repetitur
651 3543 672 3586 in
687 3555 732 3589 ms.
746 3541 906 3601 Bartholomy.
