3150 5174
261 528 339 617 128
526 528 757 622 Cattulare
777 528 832 621 de
855 530 1056 620 Domina.

249 820 1344 877 Μὢὢῶἰὣιὲῶῦὢῶὢῶᾢῶὢῶὣὼὢῶὣὣῶῶὣῶὣῶἂῶῶὢῶὢῶὣῶῶθ

270 1204 345 1281 150.
366 1191 392 1256 C
393 1214 457 1257 unu
474 1192 646 1259 donationis
662 1194 700 1258 de
717 1193 831 1257 decimo
849 1189 974 1257 villare
990 1188 1126 1256 nonulli
1142 1190 1281 1279 Eynardt'
1298 1188 1331 1257 θ

718 1304 865 1371 fulconis.

258 1577 297 1623 ιι
332 1609 359 1661 ,ἢ
371 1570 407 1615 i‘
427 1560 588 1630 ClANT
605 1560 775 1656 praesentes
791 1563 825 1631 δι
842 1559 939 1630 futuri
950 1557 1042 1655 quod
1054 1556 1213 1630 dominus
1226 1560 1348 1630 Ainar·

257 1624 309 1762 ll<
366 1644 401 1804 κζ
427 1673 486 1746 dus
499 1674 636 1748 donavit
649 1680 683 1747 δι
700 1674 846 1747 laudavit
861 1700 968 1747 toturn
982 1673 1150 1745 decimum
1163 1671 1207 1745 de
1225 1700 1345 1770 parro-

258 1738 403 1880 *stip
427 1792 501 1862 chia
527 1791 636 1862 Sancti
660 1792 790 1861 Martini
813 1789 855 1861 de
871 1790 990 1861 Villare
1007 1787 1165 1877 Bonaldi,
1187 1790 1346 1861 Domino

248 1909 323 1977 Deo
333 1910 367 1977 dt
381 1906 483 1978 beatis
495 1904 647 2004 apostolis
657 1909 748 1978 Petro
759 1910 793 1977 δι
807 1907 903 1978 Paulo
914 1905 956 1976 ad
968 1902 1204 1977 monasterium
1216 1904 1261 1977 de
1271 1908 1346 1980 Do-

246 2025 335 2093 mina
355 2026 390 2094 &
406 2024 579 2094 monachis
602 2019 875 2093 Cluniacensrbus
891 2023 948 2117 qui
971 2023 1005 2093 in
1030 2047 1071 2092 eo
1088 2044 1346 2095 commorantur

246 2164 305 2233 pro
317 2140 427 2208 anima
440 2138 539 2208 sua&
557 2140 706 2207 omniurn
727 2159 899 2233 parentum
910 2136 1043 2207 suornm
1063 2160 1099 2205 ut
1112 2133 1174 2233 ipsi
1191 2134 1347 2211 habeant

244 2257 279 2323 dt
296 2249 481 2350 pollrdeant
502 2249 582 2322 sicut
607 2252 672 2348 ipse
698 2277 846 2347 unquam
870 2248 986 2321 habuit
1009 2250 1145 2337 melius,
1171 2275 1277 2347 atque
1298 2252 1345 2325 illi

245 2396 382 2442 omnem
399 2369 611 2441 donationem
630 2372 662 2439 in
680 2395 719 2439 ea
735 2367 857 2464 absque
875 2372 968 2440 omni
980 2369 1144 2439 calumnia
1159 2372 1195 2440 ὃ(
1211 2372 1345 2468 inquie-

246 2489 356 2560 tudine
374 2489 601 2586 perpetualiter
625 2487 780 2584 deinceps
805 2512 951 2559 teneant.
976 2490 1054 2561 Hoc
1079 2489 1185 2585 ipsum
1210 2488 1345 2563 donum

244 2605 326 2676 filius
351 2612 420 2696 ejus
438 2603 591 2676 dominus
615 2604 776 2675 Ainardus
792 2604 929 2674 Vetulus
950 2629 1047 2675 antea
1063 2629 1123 2702 pro
1152 2602 1343 2679 remilsrone

243 2746 452 2818 peccatorum
463 2721 590 2791 suorum
599 2723 686 2817 prius
696 2719 774 2790 fecit
790 2717 870 2791 sicut
884 2722 918 2790 in
933 2720 987 2791 illa
1003 2745 1092 2791 carta
1104 2720 1262 2817 seripnrm
1278 2719 1341 2813 est,

241 2839 275 2907 in
288 2863 353 2934 qua
369 2835 504 2908 donavit
518 2833 713 2907 monasterio
727 2860 835 2906 totum
846 2834 1015 2906 decimum
1027 2834 1119 2931 quod
1139 2838 1173 2907 in
1193 2835 1341 2911 ecclesiis

243 2979 358 3022 eorum
375 2950 514 3049 positum
532 2976 611 3021 erat.
634 2948 744 3022 Postea
760 2948 914 3021 dominus
932 2951 1028 3021 l³ulco
1053 2954 1236 3023 canonicus
1253 2950 1343 3025 suni-

240 3068 310 3137 liter
326 3066 461 3139 donavit
484 3071 518 3138 ὅ(
543 3064 685 3137 laudavit
708 3092 748 3136 ex
772 3068 901 3164 integro
923 3092 983 3163 pro
1008 3067 1107 3137 salute
1128 3070 1251 3141 animae
1275 3070 1343 3142 suae

242 3181 349 3252 eidem
366 3179 561 3253 monasterio
580 3179 645 3251 fine
665 3179 777 3251 fraude
798 3184 832 3252 dt
849 3178 915 3251 stne
941 3180 1019 3254 dolo
1044 3206 1151 3254 totum
1167 3180 1342 3257 decimum

242 3295 333 3391 quod
348 3297 413 3393 ipse
427 3322 573 3392 unquam
588 3296 701 3366 melius
714 3293 840 3383 habuit,
851 3320 908 3366 aut
920 3297 1000 3367 alius
1010 3322 1067 3393 per
1079 3323 1157 3367 eum
1169 3299 1203 3367 in
1223 3298 1340 3397 supra-

242 3408 329 3480 dicta
345 3413 512 3508 parrochia
521 3412 630 3481 Sancti
644 3411 794 3501 Martini,
812 3413 1005 3506 praecipiens
1021 3436 1058 3482 ut
1068 3410 1110 3482 de
1127 3414 1193 3484 hoc
1210 3439 1339 3487 cartam

242 3527 386 3596 facerent
397 3508 595 3597 habitatores
614 3528 710 3618 hujus
727 3527 803 3598 loci.

289 3640 463 3712 Sciendum
473 3668 606 3739 quoque
624 3642 714 3739 quod
727 3641 880 3714 dominus
890 3642 1210 3740 Aynarduspater&
1222 3643 1337 3719 domi-

244 3784 302 3827 nus
321 3757 429 3844 fulco,
450 3757 651 3854 temporibus
664 3757 790 3829 domini
807 3758 963 3856 Hugonis
983 3761 1092 3830 Prioris
1106 3761 1189 3829 tertii
1202 3764 1261 3856 qui
1274 3788 1337 3859 ap-

242 3869 420 3967 pellabatur
433 3868 474 3941 de
487 3871 517 3940 la
531 3873 636 3958 Porta,
648 3874 711 3943 hoc
733 3869 859 3943 donum
879 3870 1040 3943 fecerunt.
1066 3870 1136 3945 Poll
1152 3874 1217 3945 hoc
1234 3875 1337 3949 Fulco

240 3991 366 4086 rogavit
381 3986 536 4059 eumdem
552 3990 655 4084 ipsum
675 3990 813 4060 Priorem
835 4014 870 4058 ut
886 3987 1052 4060 decimum
1069 3988 1147 4061 illud
1164 3990 1259 4086 quod
1277 3993 1337 4066 suo

241 4130 387 4200 ternpore
404 4105 469 4199 ipse
487 4100 680 4175 monasterio
705 4102 837 4174 dederat
857 4108 886 4174 ei
910 4104 1117 4177 solummodo
1142 4109 1174 4176 in
1192 4110 1261 4178 vita
1279 4110 1337 4180 sua
