3150 5174
242 510 268 596 6
520 511 750 604 Cartulare
771 510 826 603 de
848 516 1051 604 Domina.

289 750 321 818 S.
339 749 466 821 domini
479 752 646 823 Vuillelmi
659 755 692 822 &
702 755 812 824 matris
824 760 893 845 ejus
906 751 1051 826 dominae
1063 753 1261 842 Vuillelmae,
1276 754 1336 850 qui

242 867 327 937 lranc
340 891 463 937 cartam
487 867 554 938 fieri
571 868 738 961 jullerunt.
764 870 795 939 S.
813 869 944 941 Otmari
963 869 1020 941 filii
1035 868 1180 941 Amaldi.
1198 869 1232 939 S.
1244 868 1339 939 Vuil-

240 981 328 1051 lelmi
342 981 495 1053 Morardi.
513 983 545 1053 S.
560 985 692 1055 Bosonis
705 985 761 1056 filii
773 986 942 1056 Vualterii.

276 1231 767 1296 (njstffifitmfflmmnmmfflmhwm-
810 1235 1000 1282 &R.—A.[

242 1326 309 1365 tunt:
329 1318 424 1377 Pontii,
447 1315 565 1384 dynami,
589 1316 698 1385 rodulfi,
721 1329 765 1367 uc.

244 1556 1337 1612 ὣῶὣῶὢῶὢῶὣῶὢῶὣθὼὢῶὡῶὣῶὣῶῶῶὣῶὢῶῶὢῶὡῶὣῶὣῶὣῶῶ

283 1827 315 1905 3.
336 1812 427 1880 Corra
446 1816 551 1882 Pontii
568 1821 686 1884 comitis
703 1817 733 1885 ὅ)
751 1818 899 1909 rotlandi
916 1820 952 1885 de
971 1819 1089 1915 ecclefio
1107 1818 1241 1909 Heron(
1264 1820 1293 1909 ).

255 2132 282 2152 ·’
305 2178 313 2203 ‚
367 2165 391 2179 „
413 2103 659 2175 [ΕΜΕΝΤΙΑ
682 2102 799 2176 divinae
821 2102 978 2175 bonitatis
998 2103 1142 2204 benigne
1163 2108 1340 2180 consulens

341 2244 344 2248 ·
365 2226 384 2317 ζ
412 2215 593 2289 exceffibus
607 2218 760 2288 humanae
773 2215 954 2315 fragilitatis
967 2242 1083 2289 contra
1097 2218 1292 2316 multiplicia
1303 2224 1339 2292 &

308 2334 315 2342 '
411 2331 614 2404 inevitabilia
630 2356 844 2428 peccatorum
852 2331 986 2404 vulnera
998 2357 1169 2430 opponere
1182 2331 1342 2432 dignatus

241 2449 288 2523 est
300 2449 438 2521 salubria
449 2471 689 2546 praeceptorum
703 2448 833 2519 suorum
842 2446 1085 2520 medicamina:
1101 2475 1244 2546 quotum
1256 2451 1344 2522 inter

242 2592 358 2639 caetera
371 2591 475 2636 unum
488 2563 580 2635 daret
600 2565 756 2635 eximium
768 2565 958 2660 cunctisque
972 2563 1123 2636 fidelibus
1130 2566 1341 2662 pemecella·

242 2684 339 2770 rium,
355 2680 397 2752 de
415 2707 484 2777 quo
505 2680 570 2776 ipse
589 2681 672 2750 Fons
693 2682 794 2750 totius
813 2677 1041 2751 misericordia
1060 2705 1119 2776 per
1131 2681 1342 2779 semetipsum

242 2798 345 2871 voluit
353 2799 518 2895 percipere
527 2793 661 2866 dicens:
680 2827 696 2857 «
709 2796 795 2865 Date
804 2792 1204 2868 eleemofinam&omnia
1211 2796 1343 2871 munda

250 2945 266 2973 α
279 2912 352 2982 sunt
363 2909 458 2982 vobis
471 2942 480 2998 3
495 2943 513 2974 a,
531 2914 585 2980 &:
611 2911 748 2980 «facite
769 2908 863 2981 vobis
883 2910 1009 2981 amicos
1030 2907 1072 2980 de
1093 2912 1208 3005 iniquo
1229 2937 1343 2983 mam-

248 3059 266 3092 «
279 3053 394 3115 mona,
417 3029 474 3122 qui
495 3052 554 3098 vos
575 3027 736 3121 recipiant
756 3028 789 3095 in
811 3049 932 3096 aetema
952 3025 1212 3096 tabernacula.»
1233 3027 1343 3123 Qod

242 3170 308 3244 ego
318 3147 449 3216 Pontius
463 3168 589 3232 comes,
600 3140 769 3237 fidelisque
784 3166 876 3212 meus
896 3140 1081 3212 Rodandos
1089 3142 1182 3212 miles
1193 3139 1345 3215 strenuus

242 3257 594 3346 animadvertentem&
603 3257 834 3327 enormitatem
843 3278 1056 3351 peccatorum
1066 3252 1251 3328 nostrorum
1260 3282 1345 3329 con-

243 3374 429 3464 siderantes,
444 3401 506 3473 pro
518 3398 633 3445 eorum
642 3371 825 3443 abolitione
834 3369 998 3443 donamus
1007 3374 1082 3445 Deo
1092 3375 1126 3443 δι
1138 3373 1259 3444 sanctis
1270 3382 1344 3468 ejus

242 3486 396 3586 apostolis
417 3491 508 3559 Petro
529 3489 563 3558 δι
588 3486 686 3556 Paulo
707 3483 750 3555 ad
771 3484 884 3556 locum
903 3485 1107 3557 Cluniacum
1120 3484 1294 3560 ecclestam
1306 3492 1342 3561 in

243 3607 369 3678 honore
381 3604 501 3675 sanctae
515 3604 624 3674 Mariae
637 3600 782 3673 dicatam
791 3628 868 3672 cum
880 3599 1088 3674 aliaecclesra
1095 3610 1186 3694 juxta
1199 3602 1345 3700 positam

240 3723 273 3790 in
286 3719 497 3805 veneratione
511 3716 612 3787 sancti
625 3716 761 3786 loannis
775 3715 945 3804 sacratam,
957 3717 991 3784 in
1000 3717 1191 3813 episcopatu
1202 3718 1340 3809 Diense,

241 3838 275 3905 in
289 3835 424 3931 regione
438 3856 512 3927 quae
525 3853 661 3901 vocatur
673 3831 829 3900 Trencias
851 3831 883 3898 in
905 3828 980 3901 villa
993 3856 1067 3926 quae
1088 3829 1206 3901 dicitur
1223 3831 1344 3906 Heron

243 3945 328 4037 sitas,
344 3972 420 4016 cum
433 3941 590 4015 omnibus
604 3943 841 4039 pertinentibus
867 3942 910 4014 ad
932 3944 1015 4038 ipsas
1036 3942 1205 4033 ecclesias3
1220 3945 1345 4019 scilicet

244 4086 305 4131 tres
318 4085 424 4157 partes
437 4055 518 4129 ficut
531 4056 800 4154 tenetptaedictus
812 4058 1121 4155 Rodannuspartim
1135 4058 1343 4134 haereditario
